=LDR  01930 as a2200577 a 4500
=001  007065344
=003  Uk
=005  20160901142816.0
=007  ta
=008  880524c19889999enkq|2\|||\\\||\\\a0eng\\
=015  \\$aGB8849228$2bnb
=019  y\$ab8849228
=019  9\$ab8849228
=022  0\$a0953-2293
=039  0\$a2000
=040  \\$aUk$cUk
=082  04$a633.3/68$219
=210  0\$aGroundnuts$b(Wallingford)
=222  \0$aGroundnuts$b(Wallingford)
=245  00$aGroundnuts.
=260  \\$bCAB. International in association with the International Crops Research Institute for the Semi Arid Tropics,$c1988-
=300  \\$av.
=336  \\$atext$2rdacontent
=337  \\$aunmediated$2rdamedia
=338  \\$avolume$2rdacarrier
=362  0\$aVol.1, no.1 (Mar. 1988)-
=653  \\$aGroundnuts
=710  2\$aC.A.B. International.
=710  2\$aInternational Crops Research Institute for the Semi-Arid Tropics.
=760  0\$tCAB prompts series
=830  \0$aCAB prompts series.
=985  \\$aISSN responsibility transferred to ISSN International Centre as part of a project to transfer all CABI titles to IC responsibility, September 2016.
=CAT  \\$aCONV$b00$c20040425$lBLL90$h0553
=CAT  \\$aCONV$b00$c20040502$lBLL01$h1208
=CAT  \\$aglobal_upd$b40$c20060417$lBLL01$h1546
=CAT  \\$aBATCH-UPD$b40$c20061220$lBLL01$h1443
=CAT  \\$aBATCH-UPD$b40$c20090411$lBLL01$h1748
=CAT  \\$aWR09-126
=CAT  \\$aBATCH-UPD$b40$c20090904$lBLL01$h1705
=CAT  \\$aBATCH$b00$c20091118$lBLL01$h2231
=CAT  \\$aBATCH-UPD$b00$c20091120$lBLL01$h2136
=CAT  \\$aWR14_140$c20140905$lBLL01$h1711
=CAT  \\$a11313$b40$c20160901$lBLL01$h1428
=FIN  \\$aY
=FMT  \\$a  SE
=LAS  \\$a11313$b40$c20160901$lBLL01$h1428
=LEO  \\$aMP5.0000772367
=LEO  \\$aMP22.0000026996
=SRC  \\$aBNB03$bbibmp5.200404.2.ab
=SRC  \\$aISN01$bbibmp22.200404.2.aa
=TCO  \\$aCLA$bCLA$c008

