=LDR  03801cas a22008773  4500
=001  007155272
=003  Uk
=005  20230210004057.0
=007  ta
=008  040409c19909999enkar\p\\\\\\\0\\\a0eng\\
=019  c\$a2455605
=022  0\$a0961-3528
=040  \\$aUk$beng$cUk
=222  \0$aCotton and tropical fibres
=245  00$aCotton and tropical fibres.
=260  \\$aWallingford, Oxon :$bC.A.B. International Information Services
=310  \\$aAnnual
=336  \\$atext$2rdacontent
=337  \\$aunmediated$2rdamedia
=338  \\$avolume$2rdacarrier
=540  \\$aCurrent Copyright Fee: GBP13.00$c0$5Uk
=710  2\$aC.A.B. International.$bInformation Services.
=776  0\$tCotton and tropical fibres$c(Diskette)$x1361-7958
=780  00$tCotton and tropical fibres abstracts$x0308-6577
=886  2\$2blmarc$a092$b00$a3477.735000n
=945  \\$aCOTTON AND TROPICAL FIBRES.
=963  \\$aVOL. 1, 1990- *A=1$bN$cL440.B.459
=979  \\$aBritish Library$bDSC$j3477.735000N
=985  \\$aISSN responsibility transferred to ISSN International Centre as part of a project to transfer all CABI titles to IC responsibility, September 2016.
=A02  \\$a2455605
=ACF  \\$aBritish Library not licensed to copy$c0$e01-oct-2008$hC$iCLA Excluded$5Uk
=ACF  \\$aPrevious copyright fee: GBP6.00$c0$e01-apr-2008$fGBP6.00$g0$hA$5Uk
=ACF  \\$aPrevious copyright fee: GBP5.00$c0$e01-jul-2002$fGBP5.00$g0$hA$5Uk
=ACF  \\$aCurrent copyright fee: GBP4.40$c0$e01-jul-1998$fGBP4.40$g0$hA$5Uk
=ACF  \\$aCurrent copyright fee: GBP4.20$c0$e01-apr-1997$fGBP4.20$g0$hA$5Uk
=ACF  \\$aPrevious copyright fee: GBP10.50$c0$e01-jan-2011$fGBP10.50$g0$hA$5Uk
=ACF  \\$aPrevious copyright fee: GBP12.00$c0$e01-jan-2012$fGBP12.00$g0$hA$5Uk
=ACF  \\$aPrevious Copyright Fee: GBP12.30$c0$e01-jan-2014$fGBP12.30$g0$hA$5Uk
=ACF  \\$aPrevious Copyright Fee: GBP13.00$c0$e01-oct-2016$fGBP13.00$g0$hC$5Uk
=CAT  \\$aCONV$b00$c20040425$lBLL90$h0701
=CAT  \\$aBATCH-UPD$b00$c20080223$lBLL01$h2037
=CAT  \\$aBATCH-UPD$b00$c20080225$lBLL01$h2325
=CAT  \\$aISSN$b40$c20080315$lBLL01$h1042
=CAT  \\$aBATCH-UPD$b40$c20080330$lBLL01$h0022
=CAT  \\$aBATCH-UPD$b40$c20080330$lBLL01$h1030
=CAT  \\$aBATCH$b00$c20080330$lBLL01$h1814
=CAT  \\$aBATCH-CLA$b00$c20080829$lBLL01$h1850
=CAT  \\$aBATCH-UPD$b00$c20080930$lBLL01$h2143
=CAT  \\$aBATCH-UPD$b00$c20080930$lBLL01$h2312
=CAT  \\$aBATCH$b00$c20081001$lBLL01$h0031
=CAT  \\$aBATCH$b00$c20091207$lBLL01$h0402
=CAT  \\$aBATCH$b00$c20091214$lBLL01$h0205
=CAT  \\$aBATCH-UPD$b00$c20101201$lBLL01$h1207
=CAT  \\$aIPL-CLA$c20101231$lBLL01$h1140
=CAT  \\$aWR11_203$c20111204$lBLL01$h1242
=CAT  \\$aIPL-CLA$c20111230$lBLL01$h1643
=CAT  \\$aBATCH-CLA$b00$c20121103$lBLL01$h1033
=CAT  \\$aWR13.005$c20130323$lBLL01$h1237
=CAT  \\$aBATCH-CLA$c20131213$lBLL01$h1954
=CAT  \\$aIPL-CLA$c20131231$lBLL01$h1827
=CAT  \\$aBATCH-CLA$b00$c20160831$lBLL01$h1649
=CAT  \\$a11313$b40$c20160901$lBLL01$h1611
=CAT  \\$aIPL-CLA$c20160930$lBLL01$h1542
=CAT  \\$aBATCH-CLA$b00$c20221130$lBLL01$h1433
=CAT  \\$aIPL-CLA$c20221231$lBLL01$h1818
=CAT  \\$aBATCH-CLA$b00$c20230209$lBLL01$h1521
=CAT  \\$aIPL-CLA$c20230210$lBLL01$h0040
=CFI  0\$aCurrent Copyright Fee: GBP13.00$c0$e09-feb-2023$fGBP13.00$g0$hC$5Uk
=CFI  2\$aBritish Library not licensed to copy$c0$e01-jan-2023$hC$iCFP Excluded$5Uk
=FIN  \\$aY
=FMT  \\$a  SE
=LAS  \\$aIPL-CLA$b00$c20230210$lBLL01$h0040
=LEO  \\$aMP10.0000169691
=LKR  \\$aPAR$b010362426$lBLL01$r78000$mCotton and tropical fibres$nCotton and tropical fibres abstracts
=SRC  \\$aDSS01$bbibmp10.200404.2.aa
=TCO  \\$aCLA$bCLA$c008

