=LDR  01749 as a22005177a 4500
=001  007740784
=003  Uk
=005  20160901161014.0
=008  910423c19899999enkar|p|||\\\\0\\\|0eng\\
=015  \\$aGB9116602$2bnb
=019  y\$ab9116602
=019  9\$ab9116602
=022  1\$a0960-3883
=039  0\$a2137
=040  \\$aUk$cUk
=082  04$a630.720171241$220
=110  2\$aC.A.B. International.
=222  \0$aCAB International in review
=245  10$aC.A.B. International ... in review.
=260  \\$bC.A.B. International,$c1989-
=300  \\$av.
=336  \\$atext$2rdacontent
=337  \\$aunmediated$2rdamedia
=338  \\$avolume$2rdacarrier
=362  0\$a1988-
=610  24$aC.A.B. International.
=653  1\$aAgriculture$aResearch
=653  1\$aCommonwealth countries
=730  0\$aIn review (Wallingford, England)
=886  2\$2ukmarc$a910$b20$aCommonwealth Agricultural Bureaux$xSee also$aCAB International$z110
=886  2\$2ukmarc$a910$b20$aCommonwealth Agricultural Bureaux$xSee also$aCAB International$z610
=985  \\$aISSN responsibility transferred to ISSN International Centre as part of a project to transfer all CABI titles to IC responsibility, September 2016.
=CAT  \\$aCONV$b00$c20040425$lBLL90$h0554
=CAT  \\$aCONV$b00$c20040502$lBLL01$h1230
=CAT  \\$aBATCH-UPD$b00$c20061220$lBLL01$h1444
=CAT  \\$aWR09-126
=CAT  \\$aBATCH-UPD$b00$c20090904$lBLL01$h1710
=CAT  \\$aBATCH$b00$c20091121$lBLL01$h2129
=CAT  \\$aWR14_140$c20140905$lBLL01$h1722
=CAT  \\$a11313$b40$c20160901$lBLL01$h1610
=FIN  \\$aY
=FMT  \\$a  SE
=LAS  \\$a11313$b40$c20160901$lBLL01$h1610
=LEO  \\$aMP5.0000788890
=SRC  \\$aBNB03$bbibmp5.200404.2.ab
=TCO  \\$aCLA$bCLA$c008

