=LDR  06316cas a2201285 a 4500
=001  008412828
=003  Uk
=005  20230210004555.0
=007  ta
=008  920618c19909999enkuu\\\\\\\\\0\\\a0eng\\
=015  \\$aGB9225597$2bnb
=019  y\$ab9225597
=019  9\$ab9225597
=022  0\$a0960-5592
=039  0\$a2195
=040  \\$aUk$cUk
=082  04$a615.39$220
=210  0\$aTransfus. med. Suppl.
=222  \0$aTransfusion medicine. Supplement
=245  00$aTransfusion medicine.$pSupplement.
=260  \\$bBlackwell Scientific,$c1990-
=300  \\$av.
=336  \\$atext$2rdacontent
=337  \\$aunmediated$2rdamedia
=338  \\$avolume$2rdacarrier
=362  0\$a1990-
=540  \\$aCurrent Copyright Fee: GBP28.00$c0$5Uk
=653  1\$aHumans$aBlood
=710  2\$aBritish Blood Transfusion Society.
=772  0\$tTransfusion medicine$x0958-7578
=886  2\$2ukmarc$a910$b20$aBBTS$xSee$aBritish Blood Transfusion Society$z710
=985  \\$aCorrected by BSS-generated file
=985  \\$aISSN responsibility transferred to U.S. ISSN Center from ISSN UK Centre, Wiley, Multinational Publisher List, Summer 2017.
=ACF  \\$aPrevious Copyright Fee: GBP22.00$c0$e01-apr-2012$fGBP22.00$g0$hC$5Uk
=ACF  \\$aPrevious Copyright Fee: GBP22.00$c0$e01-jan-2012$fGBP22.00$g0$hC$5Uk
=ACF  \\$aPrevious Copyright Fee: GBP22.00$c0$e01-oct-2011$fGBP22.00$g0$hC$5Uk
=ACF  \\$aPrevious Copyright Fee: GBP22.00$c0$e01-jul-2011$fGBP22.00$g0$hC$5Uk
=ACF  \\$aPrevious Copyright Fee: GBP22.00$c0$e01-apr-2011$fGBP22.00$g0$hC$5Uk
=ACF  \\$aPrevious Copyright Fee: GBP22.00$c0$e01-jan-2011$fGBP22.00$g0$hC$5Uk
=ACF  \\$aPrevious Copyright Fee: GBP22.00$c0$e01-oct-2010$fGBP22.00$g0$hC$5Uk
=ACF  \\$aPrevious Copyright Fee: GBP22.00$c0$e01-jul-2010$fGBP22.00$g0$hC$5Uk
=ACF  \\$aPrevious Copyright Fee: GBP22.00$c0$e01-apr-2010$fGBP22.00$g0$hC$5Uk
=ACF  \\$aPrevious Copyright Fee: GBP22.00$c0$e01-Jan-2010$fGBP22.00$g0$hC$5Uk
=ACF  \\$aPrevious Copyright Fee: GBP22.00$c0$e01-oct-2009$fGBP22.00$g0$hC$5Uk
=ACF  \\$aPrevious Copyright Fee: GBP22.00$c0$e01-jul-2009$fGBP22.00$g0$hC$5Uk
=ACF  \\$aPrevious Copyright Fee: GBP16.00$c0$e01-apr-2009$fGBP16.00$g0$hC$5Uk
=ACF  \\$aBritish Library not licensed to copy$c0$e01-jan-2009$hC$iCLA Excluded$5Uk
=ACF  \\$aBritish Library not licensed to copy$c0$e01-oct-2008$hC$iCLA Excluded$5Uk
=ACF  \\$aBritish Library not licensed to copy$c0$e01-jul-2008$hC$iCLA Excluded$5Uk
=ACF  \\$aBritish Library not licensed to copy$c0$e01-apr-2008$hC$iCLA Excluded$5Uk
=ACF  \\$aBritish Library not licensed to copy$c0$e01-jan-2008$hC$iCLA Excluded$5Uk
=ACF  \\$aBritish Library not licensed to copy$c0$e01-oct-2007$hC$iCLA Excluded$5Uk
=ACF  \\$aBritish Library not licensed to copy$c0$e01-jul-2007$hC$iCLA Excluded$5Uk
=ACF  \\$aBritish Library not licensed to copy$c0$e01-apr-2007$hC$iCLA Excluded$5Uk
=ACF  \\$aBritish Library not licensed to copy$c0$e01-jan-2007$hC$iCLA Excluded$5Uk
=ACF  \\$aBritish Library not licensed to copy$c0$e01-oct-2006$hC$iCLA Excluded$5Uk
=ACF  \\$aBritish Library not licensed to copy$c0$e01-jul-2006$hC$iCLA Excluded$5Uk
=ACF  \\$aBritish Library not licensed to copy$c0$e01-apr-2006$hC$iCLA Excluded$5Uk
=ACF  \\$aBritish Library not licensed to copy$c0$e01-jan-2006$hC$iCLA Excluded$5Uk
=ACF  \\$aPrevious Copyright Fee: GBP13.00$c0$e01-oct-2005$fGBP13.00$g0$hC$5Uk
=ACF  \\$aPrevious Copyright Fee: GBP13.00$c0$e01-jul-2005$fGBP13.00$g0$hC$5Uk
=ACF  \\$aPrevious Copyright Fee: GBP13.00$c0$e01-apr-2005$fGBP13.00$g0$hC$5Uk
=ACF  \\$aPrevious Copyright Fee: GBP13.00$c0$e01-jan-2005$fGBP13.00$g0$hC$5Uk
=ACF  \\$aPrevious Copyright Fee: GBP13.00$c0$e01-oct-2004$fGBP13.00$g0$hC$5Uk
=ACF  \\$aPrevious Copyright Fee: GBP22.00$c0$e01-jul-2012$fGBP22.00$g0$hC$5Uk
=ACF  \\$aPrevious Copyright Fee: GBP22.00$c0$e01-oct-2012$fGBP22.00$g0$hC$5Uk
=ACF  \\$aPrevious Copyright Fee: GBP12.00$c0$e01-jan-2013$fGBP12.00$g0$hC$5Uk
=ACF  \\$aPrevious Copyright Fee: GBP22.60$c0$e01-jan-2014$fGBP22.60$g0$hC$5Uk
=ACF  \\$aPrevious Copyright Fee: GBP22.00$c0$e01-apr-2014$fGBP22.00$g0$hC$5Uk
=ACF  \\$aPrevious Copyright Fee: GBP24.00$c0$e01-oct-2015$fGBP24.00$g0$hC$5Uk
=ACF  \\$aPrevious Copyright Fee: GBP28.00$c0$e01-apr-2019$fGBP28.00$g0$hC$5Uk
=CAT  \\$aWR09-126
=CAT  \\$aIPL-CLA$c20110930$lBLL01$h1511
=CAT  \\$aBATCH-CLA$b00$c20111130$lBLL01$h1207
=CAT  \\$aIPL-CLA$c20111230$lBLL01$h1722
=CAT  \\$aBATCH-CLA$b00$c20120229$lBLL01$h1622
=CAT  \\$aIPL-CLA$c20120330$lBLL01$h1358
=CAT  \\$aBATCH-CLA$b00$c20120531$lBLL01$h1706
=CAT  \\$aIPL-CLA$c20120629$lBLL01$h0954
=CAT  \\$aBATCH-CLA$b00$c20120831$lBLL01$h1541
=CAT  \\$aIPL-CLA$c20120930$lBLL01$h2011
=CAT  \\$aBATCH-CLA$b00$c20121104$lBLL01$h1036
=CAT  \\$aBATCH-CLA$b00$c20121130$lBLL01$h1244
=CAT  \\$aIPL-CLA$c20121231$lBLL01$h1246
=CAT  \\$aIPL-CLA$c20130102$lBLL01$h1648
=CAT  \\$aBATCH-CLA$b00$c20131129$lBLL01$h1642
=CAT  \\$aIPL-CLA$c20131231$lBLL01$h1916
=CAT  \\$aBATCH-CLA$b00$c20140228$lBLL01$h1610
=CAT  \\$aIPL-CLA$c20140331$lBLL01$h1618
=CAT  \\$aWR14_140$c20140905$lBLL01$h1727
=CAT  \\$aBATCH-CLA$b00$c20150828$lBLL01$h1539
=CAT  \\$aIPL-CLA$c20150930$lBLL01$h1744
=CAT  \\$a10973$b40$c20171204$lBLL01$h1042
=CAT  \\$aBATCH-CLA$b00$c20190228$lBLL01$h1622
=CAT  \\$aIPL-CLA$c20190331$lBLL01$h1721
=CAT  \\$aBATCH-CLA$b00$c20221130$lBLL01$h1418
=CAT  \\$aIPL-CLA$c20221231$lBLL01$h1845
=CAT  \\$aBATCH-CLA$b00$c20230209$lBLL01$h1506
=CAT  \\$aIPL-CLA$c20230210$lBLL01$h0045
=CFI  0\$aCurrent Copyright Fee: GBP28.00$c0$e09-feb-2023$fGBP28.00$g0$hC$5Uk
=CFI  2\$aBritish Library not licensed to copy$c0$e01-jan-2023$hC$iCFP Excluded$5Uk
=FIN  \\$aY
=FMT  \\$a  SE
=LAS  \\$aIPL-CLA$b00$c20230210$lBLL01$h0045
=LEO  \\$aMP5.0000800120
=LEO  \\$aMP22.0000033330
=LKR  \\$aPAR$b008412825$lBLL01$nTransfusion medicine.$mTransfusion medicine.$r772
=SRC  \\$aBNB03$bbibmp5.200404.2.ab
=SRC  \\$aISN01$bbibmp22.200404.2.aa
=TCO  \\$aCLA$bCLA$c008

