=LDR  01869 as a22005537a 4500
=001  008416659
=003  Uk
=005  20160901160555.0
=007  ta
=008  930914c19919999enka|2\|||\\\||\\\a0eng\\
=015  \\$aGB9340465$2bnb
=019  y\$ab9340465
=019  9\$ab9340465
=022  0\$a0960-2976
=039  0\$a2254
=040  \\$aUk$cUk
=082  04$a631.85$220
=210  0\$aPhosphorus in agric.$b(Wallingford)
=222  \0$aPhosphorus in agriculture$b(Wallingford)
=245  00$aPhosphorus in agriculture.
=246  00$aCAB abstracts. Phosphorus in agriculture
=260  \\$bCAB International Information Services,$c1991-
=300  \\$av. ;$c30cm.
=336  \\$atext$2rdacontent
=337  \\$aunmediated$2rdamedia
=338  \\$avolume$2rdacarrier
=362  0\$aVol.1 (Jan. 1991)-
=653  1\$aFertilisers
=710  2\$aInstitut mondial du phosphate.
=830  \0$aCAB abstracts.
=886  2\$2ukmarc$a910$b20$aIMPHOS$xSee$aInstitut mondial du phosphate$z710
=886  2\$2ukmarc$a910$b20$aWorld Phosphate Institute$xSee$aInstitut mondial du phosphate$z710
=985  \\$aISSN responsibility transferred to ISSN International Centre as part of a project to transfer all CABI titles to IC responsibility, September 2016.
=CAT  \\$aCONV$b00$c20040425$lBLL90$h0555
=CAT  \\$aCONV$b00$c20040502$lBLL01$h1253
=CAT  \\$aglobal_upd$b40$c20060417$lBLL01$h1635
=CAT  \\$aWR09-126
=CAT  \\$aBATCH-UPD$b40$c20090904$lBLL01$h1712
=CAT  \\$aBATCH$b00$c20091122$lBLL01$h0035
=CAT  \\$aWR14_140$c20140905$lBLL01$h1728
=CAT  \\$a11313$b40$c20160901$lBLL01$h1605
=FIN  \\$aY
=FMT  \\$a  SE
=LAS  \\$a11313$b40$c20160901$lBLL01$h1605
=LEO  \\$aMP5.0000810630
=LEO  \\$aMP22.0000033128
=SRC  \\$aBNB03$bbibmp5.200404.2.ab
=SRC  \\$aISN01$bbibmp22.200404.2.aa
=TCO  \\$aCLA$bCLA$c008

