=LDR  03706cas a22008773  4500
=001  009877868
=003  Uk
=005  20221231193225.0
=007  ta
=008  040410c19909999enkar\p\\\\\\\0\\\a0eng\\
=019  c\$a2456881
=022  0\$a0961-3501
=040  \\$aUk$beng$cUk
=222  \0$aSmall animals
=245  00$aSmall animals.
=260  \\$aWallingford :$bCAB International Information Services
=310  \\$aAnnual
=336  \\$atext$2rdacontent
=337  \\$aunmediated$2rdamedia
=338  \\$avolume$2rdacarrier
=540  \\$aCurrent Copyright Fee: GBP25.00$c0$5Uk
=595  \\$aFORMERLY 8309.96.
=710  2\$aC.A.B. International.$bInformation Services.
=776  0\$tSmall animals$c(Diskette)$x1361-7966
=780  00$tSmall animal abstracts$x0306-7580
=886  2\$2blmarc$a092$b00$a8309.970700n
=945  \\$aSMALL ANIMALS.
=963  \\$aVOL. 1, 1991- *A=1$bY$cP441.B.31
=979  \\$aBritish Library$bDSC$j8309.970700N
=985  \\$aISSN responsibility transferred to ISSN International Centre as part of a project to transfer all CABI titles to IC responsibility, September 2016.
=A02  \\$a2456881
=ACF  \\$aBritish Library not licensed to copy$c0$e01-oct-2008$hC$iCLA Excluded$5Uk
=ACF  \\$aPrevious copyright fee: GBP5.00$c0$e01-jul-2002$fGBP5.00$g0$hC$5Uk
=ACF  \\$aCurrent copyright fee: GBP4.40$c0$e01-jul-1998$fGBP4.40$g0$hA$5Uk
=ACF  \\$aCurrent copyright fee: GBP4.20$c0$e01-apr-1997$fGBP4.20$g0$hA$5Uk
=ACF  \\$aPrevious copyright fee: GBP10.50$c0$e01-jan-2011$fGBP10.50$g0$hA$5Uk
=ACF  \\$aPrevious copyright fee: GBP12.00$c0$e01-jan-2012$fGBP12.00$g0$hA$5Uk
=ACF  \\$aPrevious Copyright Fee: GBP12.30$c0$e01-jan-2014$fGBP12.30$g0$hA$5Uk
=ACF  \\$aPrevious Copyright Fee: GBP15.00$c0$e01-jan-2017$fGBP15.00$g0$hA$5Uk
=ACF  \\$aPrevious Copyright Fee: GBP17.50$c0$e01-jan-2018$fGBP17.50$g0$hA$5Uk
=ACF  \\$aPrevious Copyright Fee: GBP20.00$c0$e01-jan-2020$fGBP20.00$g0$hA$5Uk
=CAT  \\$aCONV$b00$c20040425$lBLL90$h0710
=CAT  \\$aBATCH-CLA$b00$c20080829$lBLL01$h1850
=CAT  \\$aBATCH-UPD$b00$c20080930$lBLL01$h2215
=CAT  \\$aBATCH-UPD$b00$c20080930$lBLL01$h2338
=CAT  \\$aBATCH$b00$c20081001$lBLL01$h0057
=CAT  \\$aBATCH$b00$c20091209$lBLL01$h2353
=CAT  \\$aBATCH-UPD$b00$c20101201$lBLL01$h1228
=CAT  \\$aIPL-CLA$c20101231$lBLL01$h1328
=CAT  \\$aWR11_203$c20111204$lBLL01$h1358
=CAT  \\$aIPL-CLA$c20111230$lBLL01$h1828
=CAT  \\$aBATCH-CLA$b00$c20121105$lBLL01$h1750
=CAT  \\$aWR13.005$c20130323$lBLL01$h1402
=CAT  \\$aBATCH-CLA$c20131218$lBLL01$h2235
=CAT  \\$aIPL-CLA$c20131231$lBLL01$h2051
=CAT  \\$a11313$b40$c20160902$lBLL01$h1602
=CAT  \\$aBATCH-CLA$b00$c20161222$lBLL01$h1727
=CAT  \\$aIPL-CLA$c20161230$lBLL01$h1926
=CAT  \\$aBATCH-CLA$b00$c20171222$lBLL01$h2030
=CAT  \\$aIPL-CLA$c20171231$lBLL01$h1458
=CAT  \\$aBATCH-CLA$b00$c20191219$lBLL01$h1653
=CAT  \\$aIPL-CLA$c20191231$lBLL01$h1815
=CAT  \\$aR2001-1524$c20200127$lBLL01$h1939
=CAT  \\$aBATCH-CLA$b00$c20201204$lBLL01$h1450
=CAT  \\$aIPL-CLA$c20201231$lBLL01$h2022
=CAT  \\$aBATCH-CLA$b00$c20221221$lBLL01$h1756
=CAT  \\$aIPL-CLA$c20221231$lBLL01$h1932
=CFI  0\$aCurrent Copyright Fee: GBP25.00$c0$e01-jan-2023$fGBP25.00$g0$hA$5Uk
=CFI  2\$aPrevious Copyright Fee: GBP22.50$c0$e01-jan-2021$fGBP22.50$g0$hA$5Uk
=FIN  \\$aY
=FMT  \\$a  SE
=LAS  \\$aIPL-CLA$b00$c20221231$lBLL01$h1932
=LEO  \\$aMP10.0000537682
=LKR  \\$aPAR$b007008800$lBLL01$r78000$mSmall animals$nSmall animal abstracts
=SRC  \\$aDSS01$bbibmp10.200404.2.aa
=TCO  \\$aCLA$bCLA$c008

