=LDR  01254 as a22003853i 4500
=001  010184897
=003  Uk
=005  20180108102959.0
=007  ta
=008  880607c19139999enk\x\m\\\\\\\0\\\a0eng\\
=022  0\$a0265-0649
=040  \\$aUk$cUk
=082  04$a421
=210  0\$aPubl. Philol. Soc.
=222  \0$aPublications of the Philological Society
=245  00$aPublications of the Philological Society
=260  \\$aOxford :$bBlackwell.
=336  \\$atext$2rdacontent
=337  \\$aunmediated$2rdamedia
=338  \\$avolume$2rdacarrier
=710  2\$aPhilological Society (Great Britain)
=985  \\$aISSN responsibility transferred to U.S. ISSN Center from ISSN UK Centre, Wiley, Multinational Publisher List, Summer 2017.
=CAT  \\$aCONV$b00$c20040425$lBLL90$h0849
=CAT  \\$aCONV$b00$c20040502$lBLL01$h1351
=CAT  \\$aglobal_upd$b40$c20060417$lBLL01$h1731
=CAT  \\$aBATCH$b00$c20091210$lBLL01$h0032
=CAT  \\$a5100$b40$c20110907$lBLL01$h1228
=CAT  \\$aBATCH-UPD$b40$c20150107$lBLL01$h2354
=CAT  \\$a10973$b40$c20180108$lBLL01$h1029
=FIN  \\$aY
=FMT  \\$a  SE
=LAS  \\$a10973$b40$c20180108$lBLL01$h1029
=LEO  \\$aMP22.0000012857
=SRC  \\$aISN01$bbibmp22.200404.2.aa
=TCO  \\$aCLA$bCLA$c008

