=LDR  01211 as a22003493i 4500
=001  010186109
=003  Uk
=005  20171016152007.0
=007  ta
=008  880621c19879999enk\x\m\\\\\\\0\\\a0eng\\
=022  0\$a0267-9094
=040  \\$aUk$cUk
=210  0\$aClin. med. trop. ser.
=222  \0$aClinical medicine in the tropics series
=245  00$aClinical medicine in the tropics series
=246  03$aClinical medicine in the tropics
=260  \\$aOxford ;$aLondon ;$aEdinburgh ;$aBoston ;$aPalo Alto ;$aMelbourne :$bBlackwell Scientific Publications.
=336  \\$atext$2rdacontent
=337  \\$aunmediated$2rdamedia
=338  \\$avolume$2rdacarrier
=985  \\$aISSN responsibility transferred to US ISSN Center from ISSN UK Centre, Wiley, Multinational Publisher List, Summer 2017.
=CAT  \\$aCONV$b00$c20040425$lBLL90$h0849
=CAT  \\$aCONV$b00$c20040502$lBLL01$h1351
=CAT  \\$aglobal_upd$b40$c20060417$lBLL01$h1731
=CAT  \\$aBATCH$b00$c20091210$lBLL01$h0033
=CAT  \\$a11313$b40$c20171016$lBLL01$h1520
=FIN  \\$aY
=FMT  \\$a  SE
=LAS  \\$a11313$b40$c20171016$lBLL01$h1520
=LEO  \\$aMP22.0000015568
=SRC  \\$aISN01$bbibmp22.200404.2.aa
=TCO  \\$aCLA$bCLA$c008

