=LDR  01130 as a22003373i 4500
=001  010186445
=003  Uk
=005  20171017133328.0
=007  ta
=008  880906c19869999xxk\|2m|||\\\||\\\a0eng\\
=022  0\$a0268-7534
=040  \\$aUk$cUk
=210  0\$aRes. notes theor. comput. sci.
=222  \0$aResearch notes in theoretical computer science
=245  00$aResearch notes in theoretical computer science
=260  \\$aLondon :$bPitman ;$aNew York ;$aToronto :$bWiley.
=336  \\$atext$2rdacontent
=337  \\$aunmediated$2rdamedia
=338  \\$avolume$2rdacarrier
=985  \\$aISSN responsibility transferred to U.S. ISSN Center from ISSN UK Centre, Wiley, Multinational Publisher List, Summer 2017
=CAT  \\$aCONV$b00$c20040425$lBLL90$h0849
=CAT  \\$aCONV$b00$c20040502$lBLL01$h1351
=CAT  \\$aglobal_upd$b40$c20060417$lBLL01$h1731
=CAT  \\$aBATCH$b00$c20091210$lBLL01$h0033
=CAT  \\$a7152$b40$c20171017$lBLL01$h1333
=FIN  \\$aY
=FMT  \\$a  SE
=LAS  \\$a7152$b40$c20171017$lBLL01$h1333
=LEO  \\$aMP22.0000016366
=SRC  \\$aISN01$bbibmp22.200404.2.aa
=TCO  \\$aCLA$bCLA$c008

