=LDR  01189 as a22003373i 4500
=001  010192706
=003  Uk
=005  20171017110907.0
=007  ta
=008  870707c19829999enkuu2m\\\\\\\0\\\a0eng\\
=022  0\$a0952-1135
=040  \\$aUk$cUk
=210  0\$aPsychophysiol. res. stud. ser.
=222  \0$aPsychophysiology research studies series
=245  00$aPsychophysiology research studies series
=260  \\$aLetchworth :$bResearch Studies Press ;$aChichester ;$aNew York ;$aBrisbane ;$aToronto ;$aSingapore :$bJohn Wiley & Sons.
=336  \\$atext$2rdacontent
=337  \\$aunmediated$2rdamedia
=338  \\$avolume$2rdacarrier
=985  \\$aISSN responsibility transferred to U.S. ISSN Center from ISSN UK Centre, Wiley, Multinational Publisher List, Summer 2017
=CAT  \\$aCONV$b00$c20040425$lBLL90$h0849
=CAT  \\$aCONV$b00$c20040502$lBLL01$h1351
=CAT  \\$aglobal_upd$b40$c20060417$lBLL01$h1733
=CAT  \\$aBATCH$b00$c20091210$lBLL01$h0036
=CAT  \\$a7152$b40$c20171017$lBLL01$h1109
=FIN  \\$aY
=FMT  \\$a  SE
=LAS  \\$a7152$b40$c20171017$lBLL01$h1109
=LEO  \\$aMP22.0000025957
=SRC  \\$aISN01$bbibmp22.200404.2.aa
=TCO  \\$aCLA$bCLA$c008

