=LDR  03525cas a22008053i 4500
=001  010192977
=003  Uk
=005  20230210005308.0
=007  ta
=008  870922d19601996xxk\|2m|||\\\||\\\a0eng\\
=022  0\$a0952-634X
=040  \\$aUk$cUk
=210  0\$aDistrib. maps pests
=222  \0$aDistribution maps of pests
=245  00$aDistribution maps of pests
=260  \\$aLondon :$bCAB International Institute of Entomology.
=336  \\$atext$2rdacontent
=337  \\$aunmediated$2rdamedia
=338  \\$avolume$2rdacarrier
=540  \\$aCurrent Copyright Fee: GBP13.00$c0$5Uk
=710  2\$aCAB International Institute of Entomology.
=780  00$tDistribution maps of insect pests
=785  00$tDistribution maps of plant pests$x1369-104X
=985  \\$aISSN responsibility transferred to ISSN International Centre as part of a project to transfer all CABI titles to IC responsibility, September 2016.
=ACF  \\$aPrevious Copyright Fee: GBP13.00$c0$e01-oct-2008$fGBP13.00$g0$hC$5Uk
=ACF  \\$aPrevious copyright fee: GBP10.50$c0$e01-jan-2011$fGBP10.50$g0$hA$5Uk
=ACF  \\$aPrevious copyright fee: GBP12.00$c0$e01-jan-2012$fGBP12.00$g0$hA$5Uk
=ACF  \\$aPrevious Copyright Fee: GBP12.30$c0$e01-jan-2014$fGBP12.30$g0$hA$5Uk
=ACF  \\$aPrevious Copyright Fee: GBP15.00$c0$e01-jan-2017$fGBP15.00$g0$hA$5Uk
=ACF  \\$aPrevious Copyright Fee: GBP17.50$c0$e01-jan-2018$fGBP17.50$g0$hA$5Uk
=ACF  \\$aPrevious Copyright Fee: GBP20.00$c0$e01-jan-2020$fGBP20.00$g0$hA$5Uk
=ACF  \\$aPrevious Copyright Fee: GBP22.50$c0$e01-jan-2021$fGBP22.50$g0$hA$5Uk
=ACF  \\$aPrevious Copyright Fee: GBP13.00$c0$e01-jan-2022$fGBP13.00$g0$hC$5Uk
=CAT  \\$aCONV$b00$c20040425$lBLL90$h0849
=CAT  \\$aBATCH-CLA$b00$c20080829$lBLL01$h1829
=CAT  \\$aBATCH-UPD$b00$c20080930$lBLL01$h2342
=CAT  \\$aBATCH$b00$c20081001$lBLL01$h0100
=CAT  \\$aBATCH$b00$c20091210$lBLL01$h0036
=CAT  \\$aBATCH-UPD$b00$c20101201$lBLL01$h1229
=CAT  \\$aIPL-CLA$c20101231$lBLL01$h1333
=CAT  \\$aWR11_203$c20111204$lBLL01$h1401
=CAT  \\$aIPL-CLA$c20111230$lBLL01$h1834
=CAT  \\$aBATCH-CLA$b00$c20121105$lBLL01$h1747
=CAT  \\$aBATCH-CLA$c20131218$lBLL01$h2240
=CAT  \\$aIPL-CLA$c20131231$lBLL01$h2101
=CAT  \\$a11313$b40$c20160901$lBLL01$h1425
=CAT  \\$aBATCH-CLA$b00$c20161222$lBLL01$h1729
=CAT  \\$aIPL-CLA$c20161230$lBLL01$h1932
=CAT  \\$aBATCH-CLA$b00$c20171222$lBLL01$h2032
=CAT  \\$aIPL-CLA$c20171231$lBLL01$h1503
=CAT  \\$aBATCH-CLA$b00$c20191219$lBLL01$h1654
=CAT  \\$aIPL-CLA$c20191231$lBLL01$h1819
=CAT  \\$aR2001-1524$c20200127$lBLL01$h1941
=CAT  \\$aBATCH-CLA$b00$c20201204$lBLL01$h1452
=CAT  \\$aIPL-CLA$c20201231$lBLL01$h2027
=CAT  \\$aBATCH-CLA$b00$c20211203$lBLL01$h0819
=CAT  \\$aIPL-CLA$c20211231$lBLL01$h1714
=CAT  \\$aBATCH-CLA$b00$c20221130$lBLL01$h1458
=CAT  \\$aIPL-CLA$c20221231$lBLL01$h1938
=CAT  \\$aBATCH-CLA$b00$c20230209$lBLL01$h1544
=CAT  \\$aIPL-CLA$c20230210$lBLL01$h0053
=CFI  0\$aCurrent Copyright Fee: GBP13.00$c0$e09-feb-2023$fGBP13.00$g0$hC$5Uk
=CFI  2\$aBritish Library not licensed to copy$c0$e01-jan-2023$hC$iCFP Excluded$5Uk
=FIN  \\$aY
=FMT  \\$a  SE
=LAS  \\$aIPL-CLA$b00$c20230210$lBLL01$h0053
=LEO  \\$aMP22.0000026442
=LKR  \\$aPAR$b012308629$lBLL01$nDistribution maps of plant pes$mDistribution maps of pests$r785
=SRC  \\$aISN01$bbibmp22.200404.2.aa
=TCO  \\$aCLA$bCLA$c008

