=LDR  05501cas a22010693i 4500
=001  010193083
=003  Uk
=005  20230210005309.0
=007  ta
=008  871103c198u9999xxku|2p|||\\\||\\\a0eng\\
=022  0\$a0952-8423
=040  \\$aUk$cUk
=210  0\$aAnnot. bibliogr. - CAB Int., Plant ser.
=222  \0$aAnnotated bibliographies - CAB International. Plant Series
=245  00$aAnnotated bibliographies - CAB International. Plant Series
=260  \\$aSlough :$bCAB International.
=336  \\$atext$2rdacontent
=337  \\$aunmediated$2rdamedia
=338  \\$avolume$2rdacarrier
=540  \\$aCurrent Copyright Fee: GBP13.00$c0$5Uk
=710  2\$aC.A.B. International.
=780  00$tAnnotated bibliographies - Commonwealth Agricultural Bureaux. Plant series$x0141-5921
=985  \\$aISSN responsibility transferred to ISSN International Centre as part of a project to transfer all CABI titles to IC responsibility, September 2016.
=ACF  \\$aPrevious Copyright Fee: GBP13.00$c0$e01-apr-2012$fGBP13.00$g0$hC$5Uk
=ACF  \\$aPrevious Copyright Fee: GBP13.00$c0$e01-jan-2012$fGBP13.00$g0$hC$5Uk
=ACF  \\$aPrevious Copyright Fee: GBP13.00$c0$e01-oct-2011$fGBP13.00$g0$hC$5Uk
=ACF  \\$aPrevious Copyright Fee: GBP13.00$c0$e01-jul-2011$fGBP13.00$g0$hC$5Uk
=ACF  \\$aPrevious Copyright Fee: GBP13.00$c0$e01-apr-2011$fGBP13.00$g0$hC$5Uk
=ACF  \\$aPrevious Copyright Fee: GBP13.00$c0$e01-jan-2011$fGBP13.00$g0$hC$5Uk
=ACF  \\$aPrevious Copyright Fee: GBP13.00$c0$e01-oct-2010$fGBP13.00$g0$hC$5Uk
=ACF  \\$aPrevious Copyright Fee: GBP13.00$c0$e01-jul-2010$fGBP13.00$g0$hC$5Uk
=ACF  \\$aPrevious Copyright Fee: GBP13.00$c0$e01-apr-2010$fGBP13.00$g0$hC$5Uk
=ACF  \\$aPrevious Copyright Fee: GBP13.00$c0$e01-Jan-2010$fGBP13.00$g0$hC$5Uk
=ACF  \\$aPrevious Copyright Fee: GBP13.00$c0$e01-oct-2009$fGBP13.00$g0$hC$5Uk
=ACF  \\$aPrevious Copyright Fee: GBP13.00$c0$e01-jul-2009$fGBP13.00$g0$hC$5Uk
=ACF  \\$aPrevious Copyright Fee: GBP13.00$c0$e01-apr-2009$fGBP13.00$g0$hC$5Uk
=ACF  \\$aPrevious Copyright Fee: GBP13.00$c0$e01-jan-2009$fGBP13.00$g0$hC$5Uk
=ACF  \\$aPrevious Copyright Fee: GBP13.00$c0$e01-oct-2008$fGBP13.00$g0$hC$5Uk
=ACF  \\$aPrevious Copyright Fee: GBP13.00$c0$e01-jul-2008$fGBP13.00$g0$hC$5Uk
=ACF  \\$aPrevious Copyright Fee: GBP13.00$c0$e01-apr-2008$fGBP13.00$g0$hC$5Uk
=ACF  \\$aPrevious Copyright Fee: GBP13.00$c0$e01-jan-2008$fGBP13.00$g0$hC$5Uk
=ACF  \\$aPrevious Copyright Fee: GBP13.00$c0$e01-oct-2007$fGBP13.00$g0$hC$5Uk
=ACF  \\$aPrevious Copyright Fee: GBP13.00$c0$e01-jul-2007$fGBP13.00$g0$hC$5Uk
=ACF  \\$aPrevious Copyright Fee: GBP13.00$c0$e01-apr-2007$fGBP13.00$g0$hC$5Uk
=ACF  \\$aPrevious Copyright Fee: GBP13.00$c0$e01-jan-2007$fGBP13.00$g0$hC$5Uk
=ACF  \\$aPrevious Copyright Fee: GBP13.00$c0$e01-oct-2006$fGBP13.00$g0$hC$5Uk
=ACF  \\$aPrevious Copyright Fee: GBP13.00$c0$e01-jul-2006$fGBP13.00$g0$hC$5Uk
=ACF  \\$aPrevious Copyright Fee: GBP13.00$c0$e01-apr-2006$fGBP13.00$g0$hC$5Uk
=ACF  \\$aPrevious Copyright Fee: GBP13.00$c0$e01-jan-2006$fGBP13.00$g0$hC$5Uk
=ACF  \\$aPrevious Copyright Fee: GBP13.00$c0$e01-oct-2005$fGBP13.00$g0$hC$5Uk
=ACF  \\$aPrevious Copyright Fee: GBP13.00$c0$e01-jul-2005$fGBP13.00$g0$hC$5Uk
=ACF  \\$aPrevious Copyright Fee: GBP13.00$c0$e01-apr-2005$fGBP13.00$g0$hC$5Uk
=ACF  \\$aPrevious Copyright Fee: GBP13.00$c0$e01-jan-2005$fGBP13.00$g0$hC$5Uk
=ACF  \\$aPrevious Copyright Fee: GBP13.00$c0$e01-oct-2004$fGBP13.00$g0$hC$5Uk
=ACF  \\$aPrevious Copyright Fee: GBP13.00$c0$e01-jul-2012$fGBP13.00$g0$hC$5Uk
=ACF  \\$aPrevious Copyright Fee: GBP13.00$c0$e01-oct-2012$fGBP13.00$g0$hC$5Uk
=CAT  \\$aCONV$b00$c20040425$lBLL90$h0849
=CAT  \\$aBATCH-UPD$b00$c20100630$lBLL01$h1918
=CAT  \\$aBATCH-UPD$b00$c20100630$lBLL01$h1952
=CAT  \\$aIPL-CLA$c20100630$lBLL01$h2019
=CAT  \\$aBATCH-CLA$b00$c20100831$lBLL01$h1542
=CAT  \\$aIPL-CLA$c20100930$lBLL01$h1507
=CAT  \\$aBATCH-CLA$b00$c20101115$lBLL01$h1612
=CAT  \\$aIPL-CLA$c20101231$lBLL01$h1333
=CAT  \\$aBATCH-CLA$b00$c20110228$lBLL01$h1549
=CAT  \\$aIPL-CLA$c20110331$lBLL01$h1445
=CAT  \\$aBATCH-CLA$b00$c20110531$lBLL01$h1647
=CAT  \\$aIPL-CLA$c20110630$lBLL01$h1525
=CAT  \\$aBATCH-CLA$b00$c20110831$lBLL01$h1814
=CAT  \\$aIPL-CLA$c20110930$lBLL01$h1526
=CAT  \\$aBATCH-CLA$b00$c20111130$lBLL01$h1219
=CAT  \\$aIPL-CLA$c20111230$lBLL01$h1834
=CAT  \\$aBATCH-CLA$b00$c20120229$lBLL01$h1633
=CAT  \\$aIPL-CLA$c20120330$lBLL01$h1413
=CAT  \\$aBATCH-CLA$b00$c20120531$lBLL01$h1721
=CAT  \\$aIPL-CLA$c20120629$lBLL01$h1011
=CAT  \\$aBATCH-CLA$b00$c20120831$lBLL01$h1547
=CAT  \\$aIPL-CLA$c20120930$lBLL01$h2037
=CAT  \\$aBATCH-CLA$b00$c20121105$lBLL01$h1747
=CAT  \\$a11313$b40$c20160901$lBLL01$h1426
=CAT  \\$aBATCH-CLA$b00$c20221130$lBLL01$h1459
=CAT  \\$aIPL-CLA$c20221231$lBLL01$h1938
=CAT  \\$aBATCH-CLA$b00$c20230209$lBLL01$h1545
=CAT  \\$aIPL-CLA$c20230210$lBLL01$h0053
=CFI  0\$aCurrent Copyright Fee: GBP13.00$c0$e09-feb-2023$fGBP13.00$g0$hC$5Uk
=CFI  2\$aBritish Library not licensed to copy$c0$e01-jan-2023$hC$iCFP Excluded$5Uk
=FIN  \\$aY
=FMT  \\$a  SE
=LAS  \\$aIPL-CLA$b00$c20230210$lBLL01$h0053
=LEO  \\$aMP22.0000026634
=SRC  \\$aISN01$bbibmp22.200404.2.aa
=TCO  \\$aCLA$bCLA$c008

