=LDR  04654cas a22009733i 4500
=001  010814629
=003  Uk
=005  20230210005440.0
=007  ta
=008  900320c19889999xxk\|2p|||\\\||\\\a0eng\\
=022  0\$a0953-4954
=040  \\$aUk$cUk
=210  0\$aImmunology, Suppl.
=222  \0$aImmunology. Supplement
=245  00$aImmunology.$pSupplement.
=260  \\$aOxford :$bBlackwell Scientific Publications.
=336  \\$atext$2rdacontent
=337  \\$aunmediated$2rdamedia
=338  \\$avolume$2rdacarrier
=540  \\$aCurrent Copyright Fee: GBP28.00$c0$5Uk
=772  0\$tImmunology (Oxford)$x0019-2805
=985  \\$aCorrected by BSS-generated file
=985  \\$aISSN responsibility transferred to U.S. ISSN Center from ISSN UK Centre, Wiley, Multinational Publisher List, Summer 2017.
=ACF  \\$aPrevious Copyright Fee: GBP16.00$c0$e01-apr-2012$fGBP16.00$g0$hC$5Uk
=ACF  \\$aPrevious Copyright Fee: GBP16.00$c0$e01-jan-2012$fGBP16.00$g0$hC$5Uk
=ACF  \\$aPrevious Copyright Fee: GBP16.00$c0$e01-oct-2011$fGBP16.00$g0$hC$5Uk
=ACF  \\$aPrevious Copyright Fee: GBP16.00$c0$e01-jul-2011$fGBP16.00$g0$hC$5Uk
=ACF  \\$aPrevious Copyright Fee: GBP16.00$c0$e01-apr-2011$fGBP16.00$g0$hC$5Uk
=ACF  \\$aPrevious Copyright Fee: GBP16.00$c0$e01-jan-2011$fGBP16.00$g0$hC$5Uk
=ACF  \\$aPrevious Copyright Fee: GBP16.00$c0$e01-oct-2010$fGBP16.00$g0$hC$5Uk
=ACF  \\$aPrevious Copyright Fee: GBP16.00$c0$e01-jul-2010$fGBP16.00$g0$hC$5Uk
=ACF  \\$aPrevious Copyright Fee: GBP16.00$c0$e01-apr-2010$fGBP16.00$g0$hC$5Uk
=ACF  \\$aPrevious Copyright Fee: GBP16.00$c0$e01-Jan-2010$fGBP16.00$g0$hC$5Uk
=ACF  \\$aPrevious Copyright Fee: GBP16.00$c0$e01-oct-2009$fGBP16.00$g0$hC$5Uk
=ACF  \\$aPrevious Copyright Fee: GBP16.00$c0$e01-jul-2009$fGBP16.00$g0$hC$5Uk
=ACF  \\$aPrevious Copyright Fee: GBP16.00$c0$e01-apr-2009$fGBP16.00$g0$hC$5Uk
=ACF  \\$aPrevious Copyright Fee: GBP22.00$c0$e01-oct-2008$fGBP22.00$g0$hC$5Uk
=ACF  \\$aPrevious Copyright Fee: GBP25.71$c0$e01-apr-2006$fGBP25.71$g0$hC$5Uk
=ACF  \\$aPrevious Copyright Fee: GBP17.22$c0$e01-jan-2006$fGBP17.22$g0$hC$5Uk
=ACF  \\$aPrevious Copyright Fee: GBP16.76$c0$e01-oct-2005$fGBP16.76$g0$hC$5Uk
=ACF  \\$aPrevious Copyright Fee: GBP22.60$c0$e01-jul-2012$fGBP22.60$g0$hC$5Uk
=ACF  \\$aPrevious Copyright Fee: GBP22.60$c0$e01-oct-2012$fGBP22.60$g0$hC$5Uk
=ACF  \\$aPrevious Copyright Fee: GBP12.00$c0$e01-jan-2013$fGBP12.00$g0$hC$5Uk
=ACF  \\$aPrevious Copyright Fee: GBP22.60$c0$e01-jan-2014$fGBP22.60$g0$hC$5Uk
=ACF  \\$aPrevious Copyright Fee: GBP22.00$c0$e01-apr-2014$fGBP22.00$g0$hC$5Uk
=ACF  \\$aPrevious Copyright Fee: GBP24.00$c0$e01-oct-2015$fGBP24.00$g0$hC$5Uk
=ACF  \\$aPrevious Copyright Fee: GBP28.00$c0$e01-apr-2019$fGBP28.00$g0$hC$5Uk
=CAT  \\$aCONV$b00$c20040425$lBLL90$h0849
=CAT  \\$aBATCH-CLA$b00$c20110831$lBLL01$h1804
=CAT  \\$aIPL-CLA$c20110930$lBLL01$h1530
=CAT  \\$aBATCH-CLA$b00$c20111130$lBLL01$h1217
=CAT  \\$aIPL-CLA$c20111230$lBLL01$h1858
=CAT  \\$aBATCH-CLA$b00$c20120229$lBLL01$h1630
=CAT  \\$aIPL-CLA$c20120330$lBLL01$h1417
=CAT  \\$aBATCH-CLA$b00$c20120531$lBLL01$h1722
=CAT  \\$aIPL-CLA$c20120629$lBLL01$h1015
=CAT  \\$aBATCH-CLA$b00$c20120831$lBLL01$h1552
=CAT  \\$aIPL-CLA$c20120930$lBLL01$h2045
=CAT  \\$aBATCH-CLA$b00$c20121107$lBLL01$h1917
=CAT  \\$aBATCH-CLA$b00$c20121130$lBLL01$h1248
=CAT  \\$aIPL-CLA$c20121231$lBLL01$h1300
=CAT  \\$aIPL-CLA$c20130102$lBLL01$h1711
=CAT  \\$aBATCH-CLA$b00$c20131129$lBLL01$h1700
=CAT  \\$aIPL-CLA$c20131231$lBLL01$h2141
=CAT  \\$aBATCH-CLA$b00$c20140228$lBLL01$h1618
=CAT  \\$aIPL-CLA$c20140331$lBLL01$h1622
=CAT  \\$aBATCH-CLA$b00$c20150828$lBLL01$h1542
=CAT  \\$aIPL-CLA$c20150930$lBLL01$h1754
=CAT  \\$a10806$b40$c20171031$lBLL01$h1324
=CAT  \\$aBATCH-CLA$b00$c20190228$lBLL01$h1624
=CAT  \\$aIPL-CLA$c20190331$lBLL01$h1723
=CAT  \\$aBATCH-CLA$b00$c20221130$lBLL01$h1500
=CAT  \\$aIPL-CLA$c20221231$lBLL01$h1955
=CAT  \\$aBATCH-CLA$b00$c20230209$lBLL01$h1546
=CAT  \\$aIPL-CLA$c20230210$lBLL01$h0054
=CFI  0\$aCurrent Copyright Fee: GBP28.00$c0$e09-feb-2023$fGBP28.00$g0$hC$5Uk
=CFI  2\$aBritish Library not licensed to copy$c0$e01-jan-2023$hC$iCFP Excluded$5Uk
=FIN  \\$aY
=FMT  \\$a  SE
=LAS  \\$aIPL-CLA$b00$c20230210$lBLL01$h0054
=LEO  \\$aMP22.0000027242
=LKR  \\$aPAR$b009846646$r772$lBLL01$mImmunology.$nImmunology.
=SRC  \\$aISN01$bbibmp22.200404.2.aa
=TCO  \\$aCLA$bCLA$c008

