=LDR  05567cas a22011053i 4500
=001  010818136
=003  Uk
=005  20230210005454.0
=007  ta
=008  970806c19909999xxka|2\|||\\\||\\\a0eng\\
=022  0\$a0961-351X
=040  \\$aUk$cUk
=210  0\$aTrop. oil seeds$b(Print)
=222  \0$aTropical oil seeds$b(Print)
=245  00$aTropical oil seeds
=246  04$aCAB abstracts. Tropical oil seeds
=260  \\$aWallingford :$bCAB International.
=336  \\$atext$2rdacontent
=337  \\$aunmediated$2rdamedia
=338  \\$avolume$2rdacarrier
=540  \\$aCurrent Copyright Fee: GBP13.00$c0$5Uk
=710  2\$aC.A.B. International.
=776  0\$tTropical oilseeds (Diskette)$x1361-7974
=780  00$tTropical oil seeds abstracts$x0308-2962
=985  \\$aISSN responsibility transferred to ISSN International Centre as part of a project to transfer all CABI titles to IC responsibility, September 2016.
=ACF  \\$aPrevious Copyright Fee: GBP13.00$c0$e01-apr-2012$fGBP13.00$g0$hC$5Uk
=ACF  \\$aPrevious Copyright Fee: GBP13.00$c0$e01-jan-2012$fGBP13.00$g0$hC$5Uk
=ACF  \\$aPrevious Copyright Fee: GBP13.00$c0$e01-oct-2011$fGBP13.00$g0$hC$5Uk
=ACF  \\$aPrevious Copyright Fee: GBP13.00$c0$e01-jul-2011$fGBP13.00$g0$hC$5Uk
=ACF  \\$aPrevious Copyright Fee: GBP13.00$c0$e01-apr-2011$fGBP13.00$g0$hC$5Uk
=ACF  \\$aPrevious Copyright Fee: GBP13.00$c0$e01-jan-2011$fGBP13.00$g0$hC$5Uk
=ACF  \\$aPrevious Copyright Fee: GBP13.00$c0$e01-oct-2010$fGBP13.00$g0$hC$5Uk
=ACF  \\$aPrevious Copyright Fee: GBP13.00$c0$e01-jul-2010$fGBP13.00$g0$hC$5Uk
=ACF  \\$aPrevious Copyright Fee: GBP13.00$c0$e01-apr-2010$fGBP13.00$g0$hC$5Uk
=ACF  \\$aPrevious Copyright Fee: GBP13.00$c0$e01-Jan-2010$fGBP13.00$g0$hC$5Uk
=ACF  \\$aPrevious Copyright Fee: GBP13.00$c0$e01-oct-2009$fGBP13.00$g0$hC$5Uk
=ACF  \\$aPrevious Copyright Fee: GBP13.00$c0$e01-jul-2009$fGBP13.00$g0$hC$5Uk
=ACF  \\$aPrevious Copyright Fee: GBP13.00$c0$e01-apr-2009$fGBP13.00$g0$hC$5Uk
=ACF  \\$aPrevious Copyright Fee: GBP13.00$c0$e01-jan-2009$fGBP13.00$g0$hC$5Uk
=ACF  \\$aBritish Library not licensed to copy$c0$e01-oct-2008$hC$iCLA Excluded$5Uk
=ACF  \\$aPrevious Copyright Fee: GBP13.00$c0$e01-jul-2008$fGBP13.00$g0$hC$5Uk
=ACF  \\$aPrevious Copyright Fee: GBP13.00$c0$e01-apr-2008$fGBP13.00$g0$hC$5Uk
=ACF  \\$aPrevious Copyright Fee: GBP13.00$c0$e01-jan-2008$fGBP13.00$g0$hC$5Uk
=ACF  \\$aPrevious Copyright Fee: GBP13.00$c0$e01-oct-2007$fGBP13.00$g0$hC$5Uk
=ACF  \\$aPrevious Copyright Fee: GBP13.00$c0$e01-jul-2007$fGBP13.00$g0$hC$5Uk
=ACF  \\$aPrevious Copyright Fee: GBP13.00$c0$e01-apr-2007$fGBP13.00$g0$hC$5Uk
=ACF  \\$aPrevious Copyright Fee: GBP13.00$c0$e01-jan-2007$fGBP13.00$g0$hC$5Uk
=ACF  \\$aPrevious Copyright Fee: GBP13.00$c0$e01-oct-2006$fGBP13.00$g0$hC$5Uk
=ACF  \\$aPrevious Copyright Fee: GBP13.00$c0$e01-jul-2006$fGBP13.00$g0$hC$5Uk
=ACF  \\$aPrevious Copyright Fee: GBP13.00$c0$e01-apr-2006$fGBP13.00$g0$hC$5Uk
=ACF  \\$aPrevious Copyright Fee: GBP13.00$c0$e01-jan-2006$fGBP13.00$g0$hC$5Uk
=ACF  \\$aPrevious Copyright Fee: GBP13.00$c0$e01-oct-2005$fGBP13.00$g0$hC$5Uk
=ACF  \\$aPrevious Copyright Fee: GBP13.00$c0$e01-jul-2005$fGBP13.00$g0$hC$5Uk
=ACF  \\$aPrevious Copyright Fee: GBP13.00$c0$e01-apr-2005$fGBP13.00$g0$hC$5Uk
=ACF  \\$aPrevious Copyright Fee: GBP13.00$c0$e01-jan-2005$fGBP13.00$g0$hC$5Uk
=ACF  \\$aPrevious Copyright Fee: GBP13.00$c0$e01-oct-2004$fGBP13.00$g0$hC$5Uk
=ACF  \\$aPrevious Copyright Fee: GBP13.00$c0$e01-jul-2012$fGBP13.00$g0$hC$5Uk
=ACF  \\$aPrevious Copyright Fee: GBP13.00$c0$e01-oct-2012$fGBP13.00$g0$hC$5Uk
=CAT  \\$aCONV$b00$c20040425$lBLL90$h0849
=CAT  \\$aBATCH-UPD$b00$c20100630$lBLL01$h1921
=CAT  \\$aBATCH-UPD$b00$c20100630$lBLL01$h1954
=CAT  \\$aIPL-CLA$c20100630$lBLL01$h2021
=CAT  \\$aBATCH-CLA$b00$c20100831$lBLL01$h1544
=CAT  \\$aIPL-CLA$c20100930$lBLL01$h1510
=CAT  \\$aBATCH-CLA$b00$c20101115$lBLL01$h1613
=CAT  \\$aIPL-CLA$c20101231$lBLL01$h1359
=CAT  \\$aBATCH-CLA$b00$c20110228$lBLL01$h1550
=CAT  \\$aIPL-CLA$c20110331$lBLL01$h1449
=CAT  \\$aBATCH-CLA$b00$c20110531$lBLL01$h1645
=CAT  \\$aIPL-CLA$c20110630$lBLL01$h1529
=CAT  \\$aBATCH-CLA$b00$c20110831$lBLL01$h1803
=CAT  \\$aIPL-CLA$c20110930$lBLL01$h1531
=CAT  \\$aBATCH-CLA$b00$c20111130$lBLL01$h1217
=CAT  \\$aIPL-CLA$c20111230$lBLL01$h1858
=CAT  \\$aBATCH-CLA$b00$c20120229$lBLL01$h1640
=CAT  \\$aIPL-CLA$c20120330$lBLL01$h1417
=CAT  \\$aBATCH-CLA$b00$c20120531$lBLL01$h1721
=CAT  \\$aIPL-CLA$c20120629$lBLL01$h1015
=CAT  \\$aBATCH-CLA$b00$c20120831$lBLL01$h1550
=CAT  \\$aIPL-CLA$c20120930$lBLL01$h2046
=CAT  \\$aBATCH-CLA$b00$c20121107$lBLL01$h1916
=CAT  \\$a11313$b40$c20160902$lBLL01$h1603
=CAT  \\$aBATCH-CLA$b00$c20221130$lBLL01$h1458
=CAT  \\$aIPL-CLA$c20221231$lBLL01$h1956
=CAT  \\$aBATCH-CLA$b00$c20230209$lBLL01$h1544
=CAT  \\$aIPL-CLA$c20230210$lBLL01$h0054
=CFI  0\$aCurrent Copyright Fee: GBP13.00$c0$e09-feb-2023$fGBP13.00$g0$hC$5Uk
=CFI  2\$aBritish Library not licensed to copy$c0$e01-jan-2023$hC$iCFP Excluded$5Uk
=FIN  \\$aY
=FMT  \\$a  SE
=LAS  \\$aIPL-CLA$b00$c20230210$lBLL01$h0054
=LEO  \\$aMP22.0000033968
=LKR  \\$aPAR$b011452229$lBLL01$nTropical oilseeds$mTropical oil seeds$r776
=SRC  \\$aISN01$bbibmp22.200404.2.aa
=TCO  \\$aCLA$bCLA$c008

