=LDR  01505 as a22004093i 4500
=001  010819892
=003  Uk
=005  20180403103255.0
=007  ta
=008  940711c19929999enk\x\m\\\\\\\0\\\a0eng\\
=022  0\$a0965-1829
=040  \\$aUk$beng$cUk$erda
=210  0\$aSOAS music. ser.
=222  \0$aSOAS musicology series
=245  00$aSOAS musicology series
=246  00$aSchool of Oriental and African Studies musicology series
=260  \\$aLondon :$bSchool of Oriental and African Studies
=264  \1$aOxford :$bTaylor & Francis Group Ltd
=336  \\$atext$2rdacontent
=337  \\$aunmediated$2rdamedia
=338  \\$avolume$2rdacarrier
=710  2\$aUniversity of London.$bSchool of Oriental and African Studies.
=776  08$iAlso issued online as:$tSOAS musicology series$x2577-431X
=985  \\$aISSN responsibility transferred to United States ISSN Center from ISSN UK, Taylor & Francis (multinational publisher list); April 3 2018.
=985  \\$aISSN RDA COMPLETION - TO BE CATALOGUED BY RDA TRAINED CATALOGUERS.
=CAT  \\$aCONV$b00$c20040425$lBLL90$h0849
=CAT  \\$aCONV$b00$c20040502$lBLL01$h1412
=CAT  \\$a8964$b40$c20050624$lBLL01$h1139
=CAT  \\$aglobal_upd$b40$c20060417$lBLL01$h1756
=CAT  \\$aBATCH$b00$c20091210$lBLL01$h0237
=CAT  \\$a11313$b40$c20180403$lBLL01$h1032
=FIN  \\$aY
=FMT  \\$a  SE
=LAS  \\$a11313$b40$c20180403$lBLL01$h1032
=LEO  \\$aMP22.0000037067
=SRC  \\$aISN01$bbibmp22.200404.2.aa
=TCO  \\$aCLA$bCLA$c008

