=LDR  01078 as a22003613i 4500
=001  010820740
=003  Uk
=005  20050711143709.0
=007  ta
=008  930518c19929999xxkq|2p|||\\\||\\\a0eng\\
=022  0\$a0967-8654
=040  \\$aUk$cUk
=082  04$a330.9599
=210  0\$aPhilipp. dev. brief.
=222  \0$aPhilippines development briefing
=245  00$aPhilippines development briefing
=260  \\$aLondon :$bCIIR.
=336  \\$atext$2rdacontent
=337  \\$aunmediated$2rdamedia
=338  \\$avolume$2rdacarrier
=710  2\$aCatholic Institute for International Relations.
=985  \\$aISSN responsibility transferred to IC 11/7/05 - SF
=CAT  \\$aCONV$b00$c20040425$lBLL90$h0849
=CAT  \\$aCONV$b00$c20040502$lBLL01$h1412
=CAT  \\$a11316$b40$c20050711$lBLL01$h1437
=CAT  \\$aglobal_upd$b40$c20060417$lBLL01$h1756
=CAT  \\$aBATCH$b00$c20091210$lBLL01$h0237
=FIN  \\$aY
=FMT  \\$a  SE
=LAS  \\$aBATCH$b00$c20091210$lBLL01$h0237
=LEO  \\$aMP22.0000039053
=SRC  \\$aISN01$bbibmp22.200404.2.aa
=TCO  \\$aCLA$bCLA$c008

