=LDR  01089 as a22003613i 4500
=001  010821508
=003  Uk
=005  20150521133423.0
=007  ta
=008  930812d19921998sw\fr\p\\\\\\\0\\\a0swe\\
=022  0\$a1350-6552
=040  \\$aUk$cUk
=210  0\$aEurostoma$b(Swed. ed.)
=222  \0$aEurostoma$b(Swedish ed.)
=245  00$aEurostoma
=260  \\$aMaidenhead :$bMedical Project International.
=264  31$aBromma :$bConvaTec
=336  \\$atext$2rdacontent
=337  \\$aunmediated$2rdamedia
=338  \\$avolume$2rdacarrier
=780  00$tStomijournalen$x0283-4588
=985  \\$aISSN responsibility transferred from ISSN UK to ISSN Sweden, May 21 2015.
=CAT  \\$aCONV$b00$c20040425$lBLL90$h0849
=CAT  \\$aCONV$b00$c20040502$lBLL01$h1412
=CAT  \\$aglobal_upd$b40$c20060417$lBLL01$h1756
=CAT  \\$aBATCH$b00$c20091210$lBLL01$h0237
=CAT  \\$a11313$b40$c20150521$lBLL01$h1334
=FIN  \\$aY
=FMT  \\$a  SE
=LAS  \\$a11313$b40$c20150521$lBLL01$h1334
=LEO  \\$aMP22.0000041083
=SRC  \\$aISN01$bbibmp22.200404.2.aa
=TCO  \\$aCLA$bCLA$c008

