=LDR  01046 as a22003497a 4500
=001  010822932
=003  Uk
=005  20090331111821.0
=007  ta
=008  940809c19949999fr\u|2\\\|\\\|0\\\b0fre\\
=022  0\$a1355-5723
=040  \\$aUk$cUk$dUk
=210  0\$aMem. images
=222  \0$aMemoire en images
=245  00$aMemoire en images.
=260  \\$aBath ;$aAugusta ;$aRennes :$bAlan Sutton
=260  3\$aSaint-Cyr-sur-Loire :$bEditions Alan Sutton
=336  \\$atext$2rdacontent
=337  \\$aunmediated$2rdamedia
=338  \\$avolume$2rdacarrier
=985  \\$aISSN responsibility transferred to ISSN France - 31/3/09
=CAT  \\$aCONV$b00$c20040425$lBLL90$h0849
=CAT  \\$aCONV$b00$c20040502$lBLL01$h1412
=CAT  \\$aglobal_upd$b40$c20060417$lBLL01$h1757
=CAT  \\$a11316$b40$c20090331$lBLL01$h1118
=CAT  \\$aBATCH$b00$c20091210$lBLL01$h0238
=FIN  \\$aY
=FMT  \\$a  SE
=LAS  \\$aBATCH$b00$c20091210$lBLL01$h0238
=LEO  \\$aMP22.0000044645
=SRC  \\$aISN01$bbibmp22.200404.2.aa
=TCO  \\$aFRA$bCFC$c008

