=LDR  01303cas a22003733i 4500
=001  010823360
=003  Uk
=005  20221003141932.0
=007  cj||||
=008  960311c19959999xxkw|2\|s|\\\||\\\a0eng\\
=022  0\$a1357-0986
=040  \\$aUk$cUk
=210  0\$aCAB access$b(Diskette, MS-DOS version)
=222  \0$aCAB access$b(Diskette. MS-DOS version)
=245  00$aCAB access
=246  00$aCentre for Agriculture and Biosciences access (Diskette. MS- DOS version)
=260  \\$aWallingford :$bCAB International.
=336  \\$atext$2rdacontent
=337  \\$acomputer$2rdamedia
=710  2\$aC.A.B. International.
=985  \\$aISSN responsibility transferred to ISSN International Centre as part of a project to transfer all CABI titles to IC responsibility, September 2016.
=CAT  \\$aCONV$b00$c20040425$lBLL90$h0849
=CAT  \\$aCONV$b00$c20040502$lBLL01$h1412
=CAT  \\$aglobal_upd$b40$c20060417$lBLL01$h1757
=CAT  \\$aBATCH-UPD$b40$c20061220$lBLL01$h1455
=CAT  \\$aBATCH$b00$c20091210$lBLL01$h0238
=CAT  \\$a11313$b40$c20160902$lBLL01$h1550
=CAT  \\$a10973$b40$c20221003$lBLL01$h1419
=FIN  \\$aY
=FMT  \\$a  SE
=LAS  \\$a10973$b40$c20221003$lBLL01$h1419
=LEO  \\$aMP22.0000045755
=SRC  \\$aISN01$bbibmp22.200404.2.aa
=TCO  \\$aCLA$bCLA$c008

