=LDR  01327 as a22003853i 4500
=001  011451375
=003  Uk
=005  20160902155206.0
=007  co||||
=008  960813c19959999xxka|2\|s|\\\||\\\a0eng\\
=022  0\$a1359-5415
=040  \\$aUk$cUk
=210  0\$aANI-CD, Arthropod name index CD-ROM
=222  \0$aANI-CD. Arthropod name index on CD-ROM
=245  00$aANI-CD. Arthropod name index on CD-ROM
=246  00$aArthropod name index on CD-ROM
=260  \\$aWallingford :$bCAB International.
=336  \\$atext$2rdacontent
=337  \\$acomputer$2rdamedia
=338  \\$acomputer disc$2rdacarrier
=710  2\$aC.A.B. International.
=985  \\$aISSN responsibility transferred to ISSN International Centre as part of a project to transfer all CABI titles to IC responsibility, September 2016.
=CAT  \\$aCONV$b00$c20040425$lBLL90$h0849
=CAT  \\$aCONV$b00$c20040502$lBLL01$h1434
=CAT  \\$aglobal_upd$b40$c20060417$lBLL01$h1816
=CAT  \\$aBATCH-UPD$b40$c20061220$lBLL01$h1456
=CAT  \\$aBATCH$b00$c20091210$lBLL01$h0501
=CAT  \\$aBATCH$b00$c20091214$lBLL01$h0704
=CAT  \\$a11313$b40$c20160902$lBLL01$h1552
=FIN  \\$aY
=FMT  \\$a  SE
=LAS  \\$a11313$b40$c20160902$lBLL01$h1552
=LEO  \\$aMP22.0000047504
=SRC  \\$aISN01$bbibmp22.200404.2.aa
=TCO  \\$aCLA$bCLA$c008

