=LDR  01220 as a22003613i 4500
=001  011452225
=003  Uk
=005  20160902155629.0
=007  cj||||
=008  960118c19959999xxka|2\|s|\\\||\\\a0eng\\
=022  0\$a1361-7931
=040  \\$aUk$cUk
=210  0\$aAnim. dis. occur.$b(Diskette)
=222  \0$aAnnual disease occurrence$b(Diskette)
=245  00$aAnnual disease occurrence
=260  \\$a[Wallingford] :$bCAB International.
=336  \\$atext$2rdacontent
=337  \\$acomputer$2rdamedia
=710  2\$aC.A.B. International.
=985  \\$aISSN responsibility transferred to ISSN International Centre as part of a project to transfer all CABI titles to IC responsibility, September 2016.
=CAT  \\$aCONV$b00$c20040425$lBLL90$h0849
=CAT  \\$aCONV$b00$c20040502$lBLL01$h1434
=CAT  \\$aglobal_upd$b40$c20060417$lBLL01$h1817
=CAT  \\$aBATCH-UPD$b40$c20061220$lBLL01$h1456
=CAT  \\$aBATCH$b00$c20091210$lBLL01$h0501
=CAT  \\$aBATCH$b00$c20091214$lBLL01$h0704
=CAT  \\$a11313$b40$c20160902$lBLL01$h1556
=FIN  \\$aY
=FMT  \\$a  SE
=LAS  \\$a11313$b40$c20160902$lBLL01$h1556
=LEO  \\$aMP22.0000049194
=SRC  \\$aISN01$bbibmp22.200404.2.aa
=TCO  \\$aCLA$bCLA$c008

