=LDR  01416 as a22004097a 4500
=001  011452227
=003  Uk
=005  20160902155950.0
=006  m\\\\\\\\d\|\\\\\\
=007  cj||||||||||||
=008  960118c19959999enkar\p\s\\\\\0\\\a0eng\\
=022  0\$a1361-7958
=040  \\$aUk$beng$cUk
=210  0\$aCotton trop. fibres$b(Diskette)
=222  \0$aCotton and tropical fibres$b(Diskette)
=245  00$aCotton and tropical fibres$h[electronic resource].
=260  \\$a[Wallingford] :$bCAB International
=310  \\$aAnnual
=336  \\$atext$2rdacontent
=337  \\$acomputer$2rdamedia
=710  2\$aC.A.B. International.
=776  0\$tCotton and tropical fibres$x0961-3528
=985  \\$aISSN responsibility transferred to ISSN International Centre as part of a project to transfer all CABI titles to IC responsibility, September 2016.
=CAT  \\$aCONV$b00$c20040425$lBLL90$h0849
=CAT  \\$aCONV$b00$c20040502$lBLL01$h1434
=CAT  \\$aglobal_upd$b40$c20060417$lBLL01$h1817
=CAT  \\$aBATCH-UPD$b40$c20061220$lBLL01$h1456
=CAT  \\$aISSN$b40$c20080315$lBLL01$h1038
=CAT  \\$aBATCH$b00$c20091210$lBLL01$h0501
=CAT  \\$aBATCH$b00$c20091214$lBLL01$h0704
=CAT  \\$a11313$b40$c20160902$lBLL01$h1559
=FIN  \\$aY
=FMT  \\$a  SE
=LAS  \\$a11313$b40$c20160902$lBLL01$h1559
=LEO  \\$aMP22.0000049196
=SRC  \\$aISN01$bbibmp22.200404.2.aa
=TCO  \\$aCLA$bCLA$c008

