=LDR  01255 as a22003733i 4500
=001  011452229
=003  Uk
=005  20160902160051.0
=007  cj||||
=008  960118c19959999xxka|2\|s|\\\||\\\a0eng\\
=022  0\$a1361-7974
=040  \\$aUk$cUk
=210  0\$aTrop. oilseeds$b(Diskette)
=222  \0$aTropical oilseeds$b(Diskette)
=245  00$aTropical oilseeds
=260  \\$a[Wallingford] :$bCAB International.
=336  \\$atext$2rdacontent
=337  \\$acomputer$2rdamedia
=710  2\$aC.A.B. International.
=776  0\$tTropical oil seeds (Print)$x0961-351X
=985  \\$aISSN responsibility transferred to ISSN International Centre as part of a project to transfer all CABI titles to IC responsibility, September 2016.
=CAT  \\$aCONV$b00$c20040425$lBLL90$h0849
=CAT  \\$aCONV$b00$c20040502$lBLL01$h1434
=CAT  \\$aglobal_upd$b40$c20060417$lBLL01$h1817
=CAT  \\$aBATCH-UPD$b40$c20061220$lBLL01$h1456
=CAT  \\$aBATCH$b00$c20091210$lBLL01$h0501
=CAT  \\$aBATCH$b00$c20091214$lBLL01$h0704
=CAT  \\$a11313$b40$c20160902$lBLL01$h1600
=FIN  \\$aY
=FMT  \\$a  SE
=LAS  \\$a11313$b40$c20160902$lBLL01$h1600
=LEO  \\$aMP22.0000049198
=SRC  \\$aISN01$bbibmp22.200404.2.aa
=TCO  \\$aCLA$bCLA$c008

