=LDR  03658cas a22007933i 4500
=001  011452396
=003  Uk
=005  20221231144156.0
=007  cr||||
=008  961105d19961996xxkz|2p|s|\\\||\\\a0eng\\
=022  0\$a1362-3087
=040  \\$aUk$cUk
=210  0\$aInt. j. geogr. inf. syst.$b(Online)
=222  \0$aInternational journal of geographical information systems$b(Online)
=245  00$aInternational journal of geographical information systems$h[electronic resource].
=260  \\$a[London] :$bTaylor & Francis.
=336  \\$atext$2rdacontent
=337  \\$acomputer$2rdamedia
=338  \\$aonline resource$2rdacarrier
=540  \\$aCurrent copyright fee: GBP43.00$c2\0$5Uk
=776  0\$tInternational journal of geographical information systems (Print)$x0269-3798
=785  00$tInternational journal of geographical information science (Online)$x1365-8824
=856  \\$31850-9999$uhttp://www.tandfonline.com/$xBLDSS
=945  \\$aInternational journal of geographical information systems.
=979  \\$aBritish Library$bDSC$j4542.266200
=985  \\$aISSN responsibility transferred from ISSN UK Centre to U.S. ISSN Center Taylor & Francis, Multinational Publisher List, Summer 2016
=ACF  \\$aPrevious copyright fee: GBP31.00$c2\0$e01-apr-2016$fGBP31.00$g0$hP$5Uk
=ACF  \\$aPrevious copyright fee: GBP33.00$c2\0$e01-jan-2017$fGBP33.00$g0$hP$5Uk
=ACF  \\$aPrevious copyright fee: GBP35.00$c2\0$e01-jan-2018$fGBP35.00$g0$hP$5Uk
=ACF  \\$aPrevious copyright fee: GBP37.00$c2\0$e01-jan-2019$fGBP37.00$g0$hP$5Uk
=ACF  \\$aPrevious copyright fee: GBP39.00$c2\0$e01-jan-2020$fGBP39.00$g0$hP$5Uk
=CAT  \\$aCONV$b00$c20040425$lBLL90$h0849
=CAT  \\$a3072$b40$c20051222$lBLL01$h1350
=CAT  \\$aglobal_upd$b40$c20060417$lBLL01$h1817
=CAT  \\$a8874$b40$c20070924$lBLL01$h0738
=CAT  \\$aBATCH$b00$c20091210$lBLL01$h0501
=CAT  \\$aBATCH$b00$c20091214$lBLL01$h0704
=CAT  \\$a5552$b40$c20160302$lBLL01$h1354
=CAT  \\$aIPL-CLA$c20160331$lBLL01$h1715
=CAT  \\$aBLDSS-3PM$b00$c20160404$lBLL01$h1601
=CAT  \\$aBATCH-UPD$b00$c20160413$lBLL01$h1813
=CAT  \\$aW1607-0553$c20160818$lBLL01$h0909
=CAT  \\$aW1607-0553$c20160818$lBLL01$h0915
=CAT  \\$aBATCH-UPD$b00$c20160818$lBLL01$h0925
=CAT  \\$aBATCH-UPD$b00$c20161122$lBLL01$h1504
=CAT  \\$aIPL-CLA$c20161230$lBLL01$h2020
=CAT  \\$a5552$b40$c20170508$lBLL01$h1122
=CAT  \\$aBATCH-UPD$b40$c20171121$lBLL01$h1654
=CAT  \\$aIPL-CLA$c20171231$lBLL01$h1545
=CAT  \\$aBATCH-UPD$b00$c20181217$lBLL01$h1644
=CAT  \\$aIPL-CLA$c20181231$lBLL01$h1538
=CAT  \\$aBATCH-UPD$b00$c20191122$lBLL01$h1906
=CAT  \\$aIPL-CLA$c20191231$lBLL01$h1852
=CAT  \\$aBATCH-UPD$b00$c20201118$lBLL01$h1340
=CAT  \\$aIPL-CLA$c20201231$lBLL01$h1526
=CAT  \\$aBATCH-UPD$b00$c20221121$lBLL01$h1338
=CAT  \\$aIPL-CLA$c20221231$lBLL01$h1441
=CFI  0\$aCurrent copyright fee: GBP43.00$c2\0$e01-jan-2023$fGBP43.00$g0$hP$5Uk
=CFI  2\$aPrevious copyright fee: GBP41.00$c2\0$e01-jan-2021$fGBP41.00$g0$hP$5Uk
=FFP  \\$aY$bBLDSS-3PM
=FIN  \\$aY
=FMT  \\$a  SE
=LAS  \\$aIPL-CLA$b00$c20221231$lBLL01$h1441
=LEO  \\$aMP22.0000049587
=LKR  \\$aPAR$b013367846$lBLL01$r785$mInternational journal of geographical information systems$nInternational journal of geographical information science
=LKR  \\$aPAR$b011816736$lBLL01$r776$mInternational journal of geographical information systems$nInternational journal of geographical information systems.
=SRC  \\$aISN01$bbibmp22.200404.2.aa
=TCO  \\$aCLA$bCLA$c008
=TOC  \\$aETOC

