=LDR  02973cas a2200757 a 4500
=001  011453859
=003  Uk
=005  20211231171534.0
=006  m\\\\\\\\d\|\\\\\\
=007  cr||||||||||||
=008  980408d19962002enkar\\\s\\\\\0\\\a0eng\\
=022  0\$a1366-2120
=040  \\$aUk$beng$cUk$dUk
=210  0\$aTech. tips online
=222  \0$aTechnical tips online
=245  00$aTechnical tips online$h[electronic resource].
=246  1\$iAt head of title:$aElsevier Trends Journals technical tips online
=246  13$aTTO
=260  \\$aCambridge :$bElsevier Trends Journals,$c1996-2002.
=310  \\$aAnnual
=336  \\$atext$2rdacontent
=337  \\$acomputer$2rdamedia
=338  \\$aonline resource$2rdacarrier
=540  \\$aCurrent copyright fee: GBP34.30$c5\1$5Uk
=650  \0$aMolecular biology$xMethodology$vPeriodicals.
=650  \0$aGenetics$xTechnique$vPeriodicals.
=650  \0$aBiochemistry$xMethodology$vPeriodicals.
=856  \\$31850-9999$uhttp://www.elsevier.com/journals$xBLDSS
=945  \\$aTechnical tips online.
=979  \\$aBritish Library$bDSC$j8731.165500N$xDSC Not Selected
=985  \\$aISSN responsibility transferred to ISSN Netherlands- 07/08/2012.
=ACF  \\$aPrevious copyright fee: GBP21.00$c5\1$e07-dec-2012$fGBP21.00$g0$hP$5Uk
=ACF  \\$aPrevious copyright fee: GBP22.50$c5\1$e01-jan-2013$fGBP22.50$g0$hP$5Uk
=ACF  \\$aPrevious copyright fee: GBP23.40$c5\1$e01-jan-2018$fGBP23.40$g0$hP$5Uk
=CAT  \\$aCONV$b00$c20040425$lBLL90$h0849
=CAT  \\$aCONV$b00$c20040502$lBLL01$h1434
=CAT  \\$aglobal_upd$b40$c20060417$lBLL01$h1817
=CAT  \\$aBATCH$b00$c20091210$lBLL01$h0502
=CAT  \\$aBATCH$b00$c20091214$lBLL01$h0705
=CAT  \\$a11316$b40$c20120806$lBLL01$h1330
=CAT  \\$a11316$b40$c20120806$lBLL01$h1331
=CAT  \\$a11316$b40$c20120806$lBLL01$h1415
=CAT  \\$a11316$b40$c20120808$lBLL01$h1408
=CAT  \\$a5552$b40$c20121207$lBLL01$h1100
=CAT  \\$a5552$b40$c20121207$lBLL01$h1101
=CAT  \\$aIPL-CLA$c20121231$lBLL01$h1302
=CAT  \\$aIPL-CLA$c20130102$lBLL01$h1715
=CAT  \\$a6537$b40$c20140819$lBLL01$h1145
=CAT  \\$aBLDSS-3PM$b00$c20141222$lBLL01$h1712
=CAT  \\$aBATCH-UPD$b00$c20160413$lBLL01$h1813
=CAT  \\$a5410$b40$c20170131$lBLL01$h0943
=CAT  \\$aBATCH-UPD$b40$c20171121$lBLL01$h1741
=CAT  \\$aIPL-CLA$c20171231$lBLL01$h1545
=CAT  \\$aBATCH-UPD$b00$c20190521$lBLL01$h1433
=CAT  \\$aIPL-CLA$c20190630$lBLL01$h1530
=CAT  \\$aBATCH-UPD$b00$c20211119$lBLL01$h1551
=CAT  \\$aIPL-CLA$c20211231$lBLL01$h1715
=CFI  0\$aCurrent copyright fee: GBP34.30$c5\1$e01-jan-2022$fGBP34.30$g0$hP$5Uk
=CFI  2\$aPrevious copyright fee: GBP32.84$c5\1$e01-jul-2019$fGBP32.84$g0$hP$5Uk
=FFP  \\$aY$bBLDSS-3PM
=FIN  \\$aY
=FMT  \\$a  SE
=LAS  \\$aIPL-CLA$b00$c20211231$lBLL01$h1715
=LEO  \\$aMP22.0000052774
=SRC  \\$aISN01$bbibmp22.200404.2.aa
=TCO  \\$aCLA$bCLA$c008

