=LDR  01235 as a22003733i 4500
=001  011454118
=003  Uk
=005  20160905081833.0
=007  co||||
=008  001003c19979999xxka|2\|s|\\\||\\\a0mul\\
=022  0\$a1366-8420
=040  \\$aUk$cUk
=210  0\$aAgroAmbiente$b(Wallingford)
=222  \0$aAgroAmbiente$b(Wallingford)
=245  00$aAgroAmbiente
=260  \\$aWallingford :$bCAB International.
=336  \\$atext$2rdacontent
=337  \\$acomputer$2rdamedia
=338  \\$acomputer disc$2rdacarrier
=710  2\$aC.A.B. International.
=985  \\$aISSN responsibility transferred to ISSN International Centre as part of a project to transfer all CABI titles to IC responsibility, September 2016.
=CAT  \\$aCONV$b00$c20040425$lBLL90$h0849
=CAT  \\$aCONV$b00$c20040502$lBLL01$h1434
=CAT  \\$aglobal_upd$b40$c20060417$lBLL01$h1817
=CAT  \\$aBATCH-UPD$b40$c20061220$lBLL01$h1456
=CAT  \\$aBATCH$b00$c20091210$lBLL01$h0502
=CAT  \\$aBATCH$b00$c20091214$lBLL01$h0705
=CAT  \\$a11313$b40$c20160905$lBLL01$h0818
=FIN  \\$aY
=FMT  \\$a  SE
=LAS  \\$a11313$b40$c20160905$lBLL01$h0818
=LEO  \\$aMP22.0000053334
=SRC  \\$aISN01$bbibmp22.200404.2.aa
=TCO  \\$aCLA$bCLA$c008

