=LDR  01185 as a22003613i 4500
=001  011454489
=003  Uk
=005  20160905082031.0
=007  ta
=008  970310c198u9999xxkf|2p|||\\\||\\\a0eng\\
=022  0\$a1367-6547
=040  \\$aUk$cUk
=210  0\$aTymbal$b(Lond.)
=222  \0$aTymbal$b(London)
=245  00$aTymbal
=260  \\$aLondon :$bCAB International Institute of Entomology.
=336  \\$atext$2rdacontent
=337  \\$aunmediated$2rdamedia
=338  \\$avolume$2rdacarrier
=710  2\$aCAB International. Institute of Entomology.
=985  \\$aISSN responsibility transferred to ISSN International Centre as part of a project to transfer all CABI titles to IC responsibility, September 2016.
=CAT  \\$aCONV$b00$c20040425$lBLL90$h0849
=CAT  \\$aCONV$b00$c20040502$lBLL01$h1434
=CAT  \\$aglobal_upd$b40$c20060417$lBLL01$h1817
=CAT  \\$aBATCH$b00$c20091210$lBLL01$h0502
=CAT  \\$aBATCH$b00$c20091214$lBLL01$h0705
=CAT  \\$a11313$b40$c20160905$lBLL01$h0820
=FIN  \\$aY
=FMT  \\$a  SE
=LAS  \\$a11313$b40$c20160905$lBLL01$h0820
=LEO  \\$aMP22.0000054048
=SRC  \\$aISN01$bbibmp22.200404.2.aa
=TCO  \\$aCLA$bCLA$c008

