=LDR  01811cas a22004937a 4500
=001  011454710
=003  Uk
=005  20220825134325.0
=007  cr||||||||||||
=008  970414c19959999sw\qr\p\s\\\\\0\\\a0eng\\
=022  0\$a1368-1613
=040  \\$aUk$cUk$dUk
=210  0\$aInf. res.
=222  \0$aInformation research
=245  00$aInformation research.
=260  \\$aSheffield :$bDepartment of Information Studies, University of Sheffield.
=264  21$a[Sheffield] :$bProfessor T.D. Wilson
=264  31$a[Boras], Sweden :$bUniversity of Boras
=336  \\$atext$2rdacontent
=337  \\$acomputer$2rdamedia
=338  \\$aonline resource$2rdacarrier
=362  0\$aVolume 1, no 1 (April 1995)-
=588  \\$aLatest issue consulted: volume 27, number 1 (March 2022) (journal homepage, viewed August 25, 2022).
=710  2\$aUniversity of Sheffield.$bDepartment of Information Studies.
=787  0\$tInformation research news$x0959-8928
=856  40$uhttp://informationr.net/ir/index.html
=985  \\$aRecord amended for WR# 13/070
=985  \\$aISSN UK Centre: ISSN responsibility transferred to ISSN Sweden 25/8/22 DLW.
=CAT  \\$aCONV$b00$c20040425$lBLL90$h0849
=CAT  \\$aCONV$b00$c20040502$lBLL01$h1434
=CAT  \\$a8964$b40$c20050706$lBLL01$h1329
=CAT  \\$aglobal_upd$b40$c20060417$lBLL01$h1817
=CAT  \\$aBATCH$b00$c20091210$lBLL01$h0502
=CAT  \\$aBATCH$b00$c20091214$lBLL01$h0705
=CAT  \\$aWR13_070$b00$c20130504$lBLL01$h0221
=CAT  \\$a11316$b40$c20130819$lBLL01$h1414
=CAT  \\$a11316$b40$c20130819$lBLL01$h1416
=CAT  \\$a10973$b40$c20220825$lBLL01$h1343
=FIN  \\$aY
=FMT  \\$a  SE
=LAS  \\$a10973$b40$c20220825$lBLL01$h1343
=LEO  \\$aMP22.0000054487
=SRC  \\$aISN01$bbibmp22.200404.2.aa
=TCO  \\$aCLA$bCLA$c008

