=LDR  01419 as a22004217a 4500
=001  011455571
=003  Uk
=005  20090114085524.0
=007  cr||||||||||||
=008  971007c199u9999xxutr2p\s\\\\\0\\\a0eng\\
=022  0\$a1460-2458$z1534-5203
=040  \\$aUk$cUk$dUk
=210  0\$aCult. crit.$b(Online)
=222  \0$aCultural critique$b(Online)
=245  00$aCultural critique.
=260  \\$aOxford :$bOxford University Press.
=260  3\$32001-$aMinneapolis, Minn. :$bUniversity of Minnesota Press
=336  \\$atext$2rdacontent
=337  \\$acomputer$2rdamedia
=338  \\$aonline resource$2rdacarrier
=776  0\$tCultural critique (Print)$x0882-4371
=985  \\$aISSN responsibility transferred to ISSN US Centre 13.1.09
=CAT  \\$aCONV$b00$c20040425$lBLL90$h0849
=CAT  \\$aCONV$b00$c20040502$lBLL01$h1434
=CAT  \\$a8870$b40$c20041115$lBLL01$h1008
=CAT  \\$a8870$b40$c20041115$lBLL01$h1025
=CAT  \\$a8870$b40$c20041116$lBLL01$h0933
=CAT  \\$aglobal_upd$b40$c20060417$lBLL01$h1818
=CAT  \\$a11316$b40$c20090114$lBLL01$h0855
=CAT  \\$aBATCH$b00$c20091210$lBLL01$h0502
=CAT  \\$aBATCH$b00$c20091214$lBLL01$h0705
=CAT  \\$aBATCH-UPD$b00$c20101220$lBLL01$h1345
=FIN  \\$aY$d20090114
=FMT  \\$a  SE
=LAS  \\$aBATCH-UPD$b00$c20101220$lBLL01$h1345
=LEO  \\$aMP22.0000056215
=SRC  \\$aISN01$bbibmp22.200404.2.aa
=TCO  \\$aTRS$bCCC$c008

