=LDR  01584 as a22004337a 4500
=001  011456664
=003  Uk
=005  20080310151510.0
=006  m\\\\\\\\d\|\\\\\\
=007  cr||||||||||||
=008  980706d19982002enkmr\p\s\\\\\0\\\a0eng\\
=022  0\$a1463-6417
=040  \\$aUk$beng$cUk
=210  0\$aPhilos. mag., B$b(Online)
=222  \0$aPhilosophical magazine. B$b(Online)
=245  00$aPhilosophical magazine.$pB$h[electronic resource].
=260  \\$aLondon :$bTaylor & Francis
=310  \\$aMonthly
=336  \\$atext$2rdacontent
=337  \\$acomputer$2rdamedia
=338  \\$aonline resource$2rdacarrier
=776  0\$tPhilosophical magazine. B. Physics of condensed matter. Statistical mechanics, electronic, optical and magnetic properties (Print)$x1364-2812
=785  07$tPhilosophical magazine. A (Online)$x1460-6992
=785  07$tPhilosophical magazine (Online)$x1478-6443
=985  \\$aISSN responsibility transferred to ISSN US Centre -10.3.08
=CAT  \\$aCONV$b00$c20040425$lBLL90$h0850
=CAT  \\$aCONV$b00$c20040502$lBLL01$h1434
=CAT  \\$aglobal_upd$b40$c20060417$lBLL01$h1818
=CAT  \\$a6537$b40$c20070616$lBLL01$h1203
=CAT  \\$a11316$b40$c20080310$lBLL01$h1515
=CAT  \\$aBATCH$b00$c20091210$lBLL01$h0503
=CAT  \\$aBATCH$b00$c20091214$lBLL01$h0706
=FIN  \\$aY
=FMT  \\$a  SE
=LAS  \\$aBATCH$b00$c20091214$lBLL01$h0706
=LEO  \\$aMP22.0000058941
=LKR  \\$aPAR$b012089073$lBLL01$nPhilosophical magazine.$mPhilosophical magazine.$r78500
=SRC  \\$aISN01$bbibmp22.200404.2.aa
=TCO  \\$aCLA$bCLA$c008

