=LDR  01330 as a22003733i 4500
=001  011457145
=003  Uk
=005  20090306165909.0
=007  cr||||
=008  990113c19989999xxku|2p|s|\\\||\\\a0eng\\
=022  0\$a1465-3087
=040  \\$aUk$cUk$dUk
=210  0\$aBr. j. plast. surg.$b(Online)
=222  \0$aBritish journal of plastic surgery$b(Online)
=245  00$aBritish journal of plastic surgery
=260  \\$aEdinburgh :$bChurchill Livingstone.
=336  \\$atext$2rdacontent
=337  \\$acomputer$2rdamedia
=338  \\$aonline resource$2rdacarrier
=710  2\$aBritish Association of Plastic Surgeons.
=776  0\$tBritish journal of plastic surgery (Print)$x0007-1226
=985  \\$aISSN responsibility transferred to ISSN Netherlands Centre. Change made globally by ISSN International Centre in connection with Elsevier serials - Jan. 2009.
=CAT  \\$aCONV$b00$c20040425$lBLL90$h0850
=CAT  \\$aCONV$b00$c20040502$lBLL01$h1434
=CAT  \\$aglobal_upd$b40$c20060417$lBLL01$h1818
=CAT  \\$aISSN$b40$c20090306$lBLL01$h1659
=CAT  \\$aBATCH$b00$c20091210$lBLL01$h0503
=CAT  \\$aBATCH$b00$c20091214$lBLL01$h0706
=FIN  \\$aY
=FMT  \\$a  SE
=LAS  \\$aBATCH$b00$c20091214$lBLL01$h0706
=LEO  \\$aMP22.0000060130
=SRC  \\$aISN01$bbibmp22.200404.2.aa
=TCO  \\$aCLA$bCLA$c008

