=LDR  03777cas a22008897a 4500
=001  011753853
=003  Uk
=005  20221231202343.0
=007  ta
=008  040409c19uu9999sa\ar\p\\\\\\\0\\\a0eng\\
=019  c\$a2382556
=022  0\$a1694-0172
=040  \\$aUk$beng$cUk
=222  \4$aThe Mauritius reports
=245  04$aThe Mauritius reports.
=260  \\$aPort Louis, Mauritius :$bModern Graphics.
=260  2\$32005-$aDurban :$bLexisNexis Butterworths.
=260  3\$aDurban :$bLexisNexis
=310  \\$aAnnual
=336  \\$atext$2rdacontent
=337  \\$aunmediated$2rdamedia
=338  \\$avolume$2rdacarrier
=500  \\$aDescription based on: 2003 issue
=540  \\$aCurrent Copyright Fee: GBP25.00$c0$5Uk
=595  \\$aFORMERLY 3537.25N SEE ALSO CARD INDEX.
=886  2\$2blmarc$a092$b00$a5413.279200n
=945  \\$aMAURITIUS REPORTS.
=963  \\$aCA/U13 1927- *A=1$bN
=979  \\$aBritish Library$bDSC$j5413.279200N
=985  \\$aResponsibility for ISSN taken by ISSN UK from ISSN Mauritius at the request of the International ISSN Centre, 22.09.05
=985  \\$aISSN responsibility transferred to ISSN International Centre from ISSN UK Centre, 28.06.2011
=A02  \\$a2382556
=ACF  \\$aPrevious copyright fee: GBP9.00$c0$e01-apr-2010$fGBP9.00$g0$hA$5Uk
=ACF  \\$aPrevious copyright fee: GBP6.00$c0$e01-apr-2008$fGBP6.00$g0$hA$5Uk
=ACF  \\$aPrevious copyright fee: GBP5.00$c0$e01-jul-2002$fGBP5.00$g0$hA$5Uk
=ACF  \\$aCurrent copyright fee: GBP4.40$c0$e01-jul-1998$fGBP4.40$g0$hA$5Uk
=ACF  \\$aCurrent copyright fee: GBP4.20$c0$e01-apr-1997$fGBP4.20$g0$hA$5Uk
=ACF  \\$aPrevious copyright fee: GBP10.50$c0$e01-jan-2011$fGBP10.50$g0$hA$5Uk
=ACF  \\$aPrevious copyright fee: GBP12.00$c0$e01-jan-2012$fGBP12.00$g0$hA$5Uk
=ACF  \\$aPrevious Copyright Fee: GBP12.30$c0$e01-jan-2014$fGBP12.30$g0$hA$5Uk
=ACF  \\$aPrevious Copyright Fee: GBP15.00$c0$e01-jan-2017$fGBP15.00$g0$hA$5Uk
=ACF  \\$aPrevious Copyright Fee: GBP17.50$c0$e01-jan-2018$fGBP17.50$g0$hA$5Uk
=ACF  \\$aPrevious Copyright Fee: GBP20.00$c0$e01-jan-2020$fGBP20.00$g0$hA$5Uk
=CAT  \\$aCONV$b00$c20040425$lBLL90$h0706
=CAT  \\$aBATCH-UPD$b00$c20100331$lBLL01$h2301
=CAT  \\$aBATCH-UPD$b00$c20100401$lBLL01$h0225
=CAT  \\$aBATCH$b00$c20100401$lBLL01$h0527
=CAT  \\$aBATCH$b00$c20100401$lBLL01$h1556
=CAT  \\$aBATCH-UPD$b00$c20101124$lBLL01$h1921
=CAT  \\$aBATCH-UPD$b00$c20101125$lBLL01$h1147
=CAT  \\$aIPL-CLA$c20101231$lBLL01$h1435
=CAT  \\$a11313$b40$c20110628$lBLL01$h0756
=CAT  \\$aWR11_203$c20111204$lBLL01$h1443
=CAT  \\$aIPL-CLA$c20111230$lBLL01$h1941
=CAT  \\$aBATCH-CLA$b00$c20121108$lBLL01$h1732
=CAT  \\$aWR13.005$c20130323$lBLL01$h1211
=CAT  \\$aBATCH-CLA$c20131219$lBLL01$h1901
=CAT  \\$aIPL-CLA$c20131231$lBLL01$h2235
=CAT  \\$aBATCH-CLA$b00$c20161222$lBLL01$h1749
=CAT  \\$aIPL-CLA$c20161230$lBLL01$h2034
=CAT  \\$aBATCH-CLA$b00$c20171222$lBLL01$h2104
=CAT  \\$aIPL-CLA$c20171231$lBLL01$h1554
=CAT  \\$aBATCH-CLA$b00$c20191219$lBLL01$h1717
=CAT  \\$aIPL-CLA$c20191231$lBLL01$h1859
=CAT  \\$aR2001-1524$c20200127$lBLL01$h1954
=CAT  \\$aBATCH-CLA$b00$c20201204$lBLL01$h1516
=CAT  \\$aIPL-CLA$c20201231$lBLL01$h2118
=CAT  \\$aBATCH-CLA$b00$c20221221$lBLL01$h1823
=CAT  \\$aIPL-CLA$c20221231$lBLL01$h2023
=CFI  0\$aCurrent Copyright Fee: GBP25.00$c0$e01-jan-2023$fGBP25.00$g0$hA$5Uk
=CFI  2\$aPrevious Copyright Fee: GBP22.50$c0$e01-jan-2021$fGBP22.50$g0$hA$5Uk
=FIN  \\$aY
=FMT  \\$a  SE
=LAS  \\$aIPL-CLA$b00$c20221231$lBLL01$h2023
=LEO  \\$aMP10.0000361637
=SRC  \\$aDSS01$bbibmp10.200404.2.aa
=TCO  \\$aZAF$bDALRO$c008

