=LDR  01232 as a22003493i 4500
=001  012088620
=003  Uk
=005  20160905083039.0
=007  cr||||
=008  020717c20029999xxka|2\|s|\\\||\\\a0eng\\
=022  0\$a1477-2086
=040  \\$aUk$cUk
=210  0\$aAnim. health prod. compend.$b(Online)
=222  \0$aAnimal health and production compendium$b(Online)
=245  00$aAnimal health and production compendium
=260  \\$aWallingford :$bCAB International.
=336  \\$atext$2rdacontent
=337  \\$acomputer$2rdamedia
=338  \\$aonline resource$2rdacarrier
=776  0\$tAnimal health and production compendium (CD-ROM)$x1477-2094
=985  \\$aISSN responsibility transferred to ISSN International Centre as part of a project to transfer all CABI titles to IC responsibility, September 2016.
=CAT  \\$aCONV$b00$c20040425$lBLL90$h0850
=CAT  \\$aCONV$b00$c20040502$lBLL01$h1456
=CAT  \\$aglobal_upd$b40$c20060417$lBLL01$h1840
=CAT  \\$aBATCH$b00$c20091210$lBLL01$h0648
=CAT  \\$a11313$b40$c20160905$lBLL01$h0830
=FIN  \\$aY
=FMT  \\$a  SE
=LAS  \\$a11313$b40$c20160905$lBLL01$h0830
=LEO  \\$aMP22.0000069051
=SRC  \\$aISN01$bbibmp22.200404.2.aa
=TCO  \\$aCLA$bCLA$c008

