=LDR  04616cas a22009613i 4500
=001  012089015
=003  Uk
=005  20230210005916.0
=007  ta
=008  021001c20029999xxk\|2p|||\\\||\\\a0eng\\
=022  0\$a1478-4041
=040  \\$aUk$cUk
=222  \0$aHelicobacter. Supplement$b(Print)
=245  00$aHelicobacter. Supplement
=260  \\$aOxford :$bBlackwell Science
=336  \\$atext$2rdacontent
=337  \\$aunmediated$2rdamedia
=338  \\$avolume$2rdacarrier
=540  \\$aCurrent Copyright Fee: GBP28.00$c0$5Uk
=772  0\$tHelicobacter (Cambridge, Mass.)$x1083-4389
=776  0\$tHelicobacter. Supplement (Online)$x1478-405X
=985  \\$aCorrected by BSS-generated file
=985  \\$aISSN responsibility transferred to U.S. ISSN Center from ISSN UK Centre, Wiley, Multinational Publisher List, Summer 2017.
=ACF  \\$aPrevious Copyright Fee: GBP32.14$c0$e01-jul-2009$fGBP32.14$g0$hC$5Uk
=ACF  \\$aPrevious Copyright Fee: GBP32.14$c0$e01-apr-2009$fGBP32.14$g0$hC$5Uk
=ACF  \\$aPrevious Copyright Fee: GBP28.13$c0$e01-jan-2009$fGBP28.13$g0$hC$5Uk
=ACF  \\$aPrevious Copyright Fee: GBP22.50$c0$e01-oct-2008$fGBP22.50$g0$hC$5Uk
=ACF  \\$aPrevious Copyright Fee: GBP22.50$c0$e01-jul-2008$fGBP22.50$g0$hC$5Uk
=ACF  \\$aPrevious Copyright Fee: GBP22.50$c0$e01-apr-2008$fGBP22.50$g0$hC$5Uk
=ACF  \\$aPrevious Copyright Fee: GBP22.50$c0$e01-jan-2008$fGBP22.50$g0$hC$5Uk
=ACF  \\$aPrevious Copyright Fee: GBP22.50$c0$e01-oct-2007$fGBP22.50$g0$hC$5Uk
=ACF  \\$aPrevious Copyright Fee: GBP22.50$c0$e01-jul-2007$fGBP22.50$g0$hC$5Uk
=ACF  \\$aPrevious Copyright Fee: GBP23.08$c0$e01-apr-2007$fGBP23.08$g0$hC$5Uk
=ACF  \\$aPrevious Copyright Fee: GBP24.32$c0$e01-jan-2007$fGBP24.32$g0$hC$5Uk
=ACF  \\$aPrevious copyright fee: GBP10.50$c0$e01-jan-2011$fGBP10.50$g0$hA$5Uk
=ACF  \\$aPrevious copyright fee: GBP12.00$c0$e01-jan-2012$fGBP12.00$g0$hA$5Uk
=ACF  \\$aPrevious Copyright Fee: GBP12.30$c0$e01-jan-2014$fGBP12.30$g0$hA$5Uk
=ACF  \\$aPrevious Copyright Fee: GBP21.21$c0$e01-jul-2014$fGBP21.21$g0$hC$5Uk
=ACF  \\$aPrevious Copyright Fee: GBP23.33$c0$e01-apr-2015$fGBP23.33$g0$hC$5Uk
=ACF  \\$aPrevious Copyright Fee: GBP22.58$c0$e01-oct-2015$fGBP22.58$g0$hC$5Uk
=ACF  \\$aPrevious Copyright Fee: GBP24.14$c0$e01-apr-2016$fGBP24.14$g0$hC$5Uk
=ACF  \\$aPrevious Copyright Fee: GBP26.21$c0$e01-jul-2016$fGBP26.21$g0$hC$5Uk
=ACF  \\$aPrevious Copyright Fee: GBP28.15$c0$e01-oct-2016$fGBP28.15$g0$hC$5Uk
=ACF  \\$aPrevious Copyright Fee: GBP24.00$c0$e01-jan-2017$fGBP24.00$g0$hC$5Uk
=ACF  \\$aPrevious Copyright Fee: GBP28.00$c0$e01-apr-2019$fGBP28.00$g0$hC$5Uk
=CAT  \\$aCONV$b00$c20040425$lBLL90$h0850
=CAT  \\$aIPL-CLA$c20101231$lBLL01$h1451
=CAT  \\$aWR11_203$c20111204$lBLL01$h1454
=CAT  \\$aIPL-CLA$c20111230$lBLL01$h1956
=CAT  \\$aBATCH-CLA$b00$c20121109$lBLL01$h1741
=CAT  \\$aBATCH-CLA$c20131220$lBLL01$h2001
=CAT  \\$aIPL-CLA$c20131231$lBLL01$h2258
=CAT  \\$aBATCH-CLA$b00$c20140530$lBLL01$h1706
=CAT  \\$aIPL-CLA$c20140630$lBLL01$h1715
=CAT  \\$aBATCH-CLA$b00$c20150227$lBLL01$h1630
=CAT  \\$aIPL-CLA$c20150331$lBLL01$h1631
=CAT  \\$aBATCH-CLA$b00$c20150828$lBLL01$h1541
=CAT  \\$aIPL-CLA$c20150930$lBLL01$h1758
=CAT  \\$aBATCH-CLA$b00$c20160229$lBLL01$h1617
=CAT  \\$aIPL-CLA$c20160331$lBLL01$h1718
=CAT  \\$aBATCH-CLA$b00$c20160531$lBLL01$h1619
=CAT  \\$aIPL-CLA$c20160630$lBLL01$h1605
=CAT  \\$aBATCH-CLA$b00$c20160831$lBLL01$h1643
=CAT  \\$aIPL-CLA$c20160930$lBLL01$h1557
=CAT  \\$aBATCH-CLA$b00$c20161130$lBLL01$h1635
=CAT  \\$aIPL-CLA$c20161230$lBLL01$h2053
=CAT  \\$a10806$b40$c20171016$lBLL01$h1541
=CAT  \\$aBATCH-CLA$b00$c20190228$lBLL01$h1623
=CAT  \\$aIPL-CLA$c20190331$lBLL01$h1724
=CAT  \\$aBATCH-CLA$b00$c20221130$lBLL01$h1454
=CAT  \\$aIPL-CLA$c20221231$lBLL01$h2035
=CAT  \\$aBATCH-CLA$b00$c20230209$lBLL01$h1540
=CAT  \\$aIPL-CLA$c20230210$lBLL01$h0059
=CFI  0\$aCurrent Copyright Fee: GBP28.00$c0$e09-feb-2023$fGBP28.00$g0$hC$5Uk
=CFI  2\$aBritish Library not licensed to copy$c0$e01-jan-2023$hC$iCFP Excluded$5Uk
=FIN  \\$aY
=FMT  \\$a  SE
=LAS  \\$aIPL-CLA$b00$c20230210$lBLL01$h0059
=LEO  \\$aMP22.0000069759
=LKR  \\$aPAR$b009201329$r772$lBLL01$mHelicobacter. Supplement$nHelicobacter
=LKR  \\$aPAR$b012089016$r776$lBLL01$mHelicobacter. Supplement$nHelicobacter. Supplement
=SRC  \\$aISN01$bbibmp22.200404.2.aa
=TCO  \\$aCLA$bCLA$c008

