=LDR  01439 as a22004093i 4500
=001  012089016
=003  Uk
=005  20171016154257.0
=007  cr||||
=008  021028c20039999xxk\|2p|s|\\\||\\\a0eng\\
=022  0\$a1478-405X
=040  \\$aUk$cUk
=222  \0$aHelicobacter. Supplement$b(Online)
=245  00$aHelicobacter. Supplement
=260  \\$aOxford :$bBlackwell Publishing.
=336  \\$atext$2rdacontent
=337  \\$acomputer$2rdamedia
=338  \\$aonline resource$2rdacarrier
=772  0\$tHelicobacter (Online)$x1523-5378
=776  0\$tHelicobacter. Supplement (Print)$x1478-4041
=985  \\$aCorrected by BSS-generated file
=985  \\$aISSN responsibility transferred to U.S. ISSN Center from ISSN UK Centre, Wiley, Multinational Publisher List, Summer 2017.
=CAT  \\$aCONV$b00$c20040425$lBLL90$h0850
=CAT  \\$aCONV$b00$c20040502$lBLL01$h1456
=CAT  \\$aglobal_upd$b40$c20060417$lBLL01$h1841
=CAT  \\$aB-BSS-DEL$b00$c20080507$lBLL01$h1608
=CAT  \\$aB-BSS-ADD$b00$c20080507$lBLL01$h1609
=CAT  \\$aBATCH$b00$c20091210$lBLL01$h0648
=CAT  \\$a8323$b40$c20120516$lBLL01$h1144
=CAT  \\$a10806$b40$c20171016$lBLL01$h1542
=FIN  \\$aY
=FMT  \\$a  SE
=LAS  \\$a10806$b40$c20171016$lBLL01$h1542
=LEO  \\$aMP22.0000069760
=LKR  \\$aPAR$b013139527$lBLL01$nHelicobacter$mHelicobacter. Supplement$r772
=SRC  \\$aISN01$bbibmp22.200404.2.aa
=TCO  \\$aCLA$bCLA$c008

