=LDR  01191 as a22003373i 4500
=001  012089051
=003  Uk
=005  20160905084223.0
=007  cr||||
=008  021014c20029999xxkq|2p|s|\\\||\\\d0eng\\
=022  0\$a1478-5498
=040  \\$aUk$cUk
=222  \0$aAmerican journal of alternative agriculture$b(Online)
=245  00$aAmerican journal of alternative agriculture
=260  \\$aNew York ;$aWallingford :$bCABI Publishing.
=336  \\$atext$2rdacontent
=337  \\$acomputer$2rdamedia
=338  \\$aonline resource$2rdacarrier
=776  0\$tAmerican journal of alternative agriculture$x0889-1893
=985  \\$aISSN responsibility transferred to ISSN International Centre as part of a project to transfer all CABI titles to IC responsibility, September 2016.
=CAT  \\$aCONV$b00$c20040425$lBLL90$h0850
=CAT  \\$aCONV$b00$c20040502$lBLL01$h1456
=CAT  \\$aglobal_upd$b40$c20060417$lBLL01$h1841
=CAT  \\$aBATCH$b00$c20091210$lBLL01$h0648
=CAT  \\$a11313$b40$c20160905$lBLL01$h0842
=FIN  \\$aY
=FMT  \\$a  SE
=LAS  \\$a11313$b40$c20160905$lBLL01$h0842
=LEO  \\$aMP22.0000069840
=SRC  \\$aISN01$bbibmp22.200404.2.aa
=TCO  \\$aCLA$bCLA$c008

