=LDR  01276 as a22003733i 4500
=001  012089100
=003  Uk
=005  20160905081609.0
=007  cr||||
=008  021014c20019999xxkq|2\|s|\\\||\\\a0eng\\
=022  0\$a1478-7040
=040  \\$aUk$cUk
=210  0\$aCrop prot. compend.$b(Online)
=222  \0$aCrop protection compendium$b(Online)
=245  00$aCrop protection compendium
=260  \\$aWallingford :$bCAB International.
=336  \\$atext$2rdacontent
=337  \\$acomputer$2rdamedia
=338  \\$aonline resource$2rdacarrier
=710  2\$aC.A.B. International.
=776  0\$tCrop protection compendium (CD-ROM)$x1365-9065
=985  \\$aISSN responsibility transferred to ISSN International Centre as part of a project to transfer all CABI titles to IC responsibility, September 2016.
=CAT  \\$aCONV$b00$c20040425$lBLL90$h0850
=CAT  \\$aCONV$b00$c20040502$lBLL01$h1456
=CAT  \\$aglobal_upd$b40$c20060417$lBLL01$h1841
=CAT  \\$aBATCH-UPD$b40$c20061220$lBLL01$h1456
=CAT  \\$aBATCH$b00$c20091210$lBLL01$h0648
=CAT  \\$a11313$b40$c20160905$lBLL01$h0816
=FIN  \\$aY
=FMT  \\$a  SE
=LAS  \\$a11313$b40$c20160905$lBLL01$h0816
=LEO  \\$aMP22.0000069924
=SRC  \\$aISN01$bbibmp22.200404.2.aa
=TCO  \\$aCLA$bCLA$c008

