=LDR  01390 as a22003977a 4500
=001  012090058
=003  Uk
=005  20160608133447.0
=007  ta
=008  030903c20029999cj\mr2p\\\\\\\0\\\a0eng\\
=022  0\$a1741-556X
=040  \\$aUk$cUk$dUk
=222  \0$aGlobal sources. Auto parts & accessories
=245  00$aGlobal sources.$pAuto parts & accessories.
=246  3\$aGlobal sources. Auto parts and accessories
=246  30$aAuto parts & accessories
=260  \\$aGrand Cayman :$bTrade Media
=336  \\$atext$2rdacontent
=337  \\$aunmediated$2rdamedia
=338  \\$avolume$2rdacarrier
=776  0\$tGlobal sources. Auto parts & accessories$c(Online)$x2045-6034
=787  0\$tAsian sources hardwares$x0254-1149
=985  \\$aISSN responsibility transferred to ISSN Singapore, now published by Media Data Systems Pte Ltd in Singapore (info via IC) (08/06/16)
=CAT  \\$aCONV$b00$c20040425$lBLL90$h0850
=CAT  \\$aCONV$b00$c20040502$lBLL01$h1456
=CAT  \\$aglobal_upd$b40$c20060417$lBLL01$h1841
=CAT  \\$aBATCH$b00$c20091210$lBLL01$h0648
=CAT  \\$a11316$b40$c20101018$lBLL01$h1107
=CAT  \\$a11316$b40$c20101018$lBLL01$h1115
=CAT  \\$a10806$b40$c20160608$lBLL01$h1334
=FIN  \\$aY
=FMT  \\$a  SE
=LAS  \\$a10806$b40$c20160608$lBLL01$h1334
=LEO  \\$aMP22.0000071446
=SRC  \\$aISN01$bbibmp22.200404.2.aa
=TCO  \\$aXXX$c008

