=LDR  03091cas a22007333i 4500
=001  012090093
=003  Uk
=005  20221231203527.0
=007  ta
=008  031027c20039999xxk\|2p|||\\\||\\\a0eng\\
=022  0\$a1741-6892
=040  \\$aUk$cUk
=210  0\$aVox sang., Suppl.
=222  \0$aVox sanguinis. Supplement
=245  00$aVox sanguinis.$pSupplement.
=260  \\$aOxford :$bBlackwell Publishing.
=336  \\$atext$2rdacontent
=337  \\$aunmediated$2rdamedia
=338  \\$avolume$2rdacarrier
=540  \\$aCurrent Copyright Fee: GBP25.00$c0$5Uk
=772  0\$tVox sanguinis (Basel. 1956)$x0042-9007
=985  \\$aISSN responsibility transferred to U.S. ISSN Center from ISSN UK Centre, Wiley, Multinational Publisher List, Summer 2017.
=ACF  \\$aPrevious Copyright Fee: GBP22.00$c0$e01-oct-2008$fGBP22.00$g0$hC$5Uk
=ACF  \\$aPrevious copyright fee: GBP10.50$c0$e01-jan-2011$fGBP10.50$g0$hA$5Uk
=ACF  \\$aPrevious copyright fee: GBP12.00$c0$e01-jan-2012$fGBP12.00$g0$hA$5Uk
=ACF  \\$aPrevious Copyright Fee: GBP12.30$c0$e01-jan-2014$fGBP12.30$g0$hA$5Uk
=ACF  \\$aPrevious Copyright Fee: GBP15.00$c0$e01-jan-2017$fGBP15.00$g0$hA$5Uk
=ACF  \\$aPrevious Copyright Fee: GBP17.50$c0$e01-jan-2018$fGBP17.50$g0$hA$5Uk
=ACF  \\$aPrevious Copyright Fee: GBP20.00$c0$e01-jan-2020$fGBP20.00$g0$hA$5Uk
=CAT  \\$aCONV$b00$c20040425$lBLL90$h0850
=CAT  \\$aCONV$b00$c20040502$lBLL01$h1456
=CAT  \\$aglobal_upd$b40$c20060417$lBLL01$h1841
=CAT  \\$a6537$b40$c20060502$lBLL01$h1144
=CAT  \\$aBATCH-CLA$b00$c20080829$lBLL01$h1835
=CAT  \\$aBATCH-UPD$b00$c20081001$lBLL01$h0002
=CAT  \\$aBATCH$b00$c20081001$lBLL01$h0119
=CAT  \\$aBATCH-UPD$b00$c20101201$lBLL01$h1244
=CAT  \\$aIPL-CLA$c20101231$lBLL01$h1451
=CAT  \\$aWR11_203$c20111204$lBLL01$h1454
=CAT  \\$aIPL-CLA$c20111230$lBLL01$h1956
=CAT  \\$aBATCH-CLA$b00$c20121109$lBLL01$h1741
=CAT  \\$aBATCH-CLA$c20131220$lBLL01$h2001
=CAT  \\$aIPL-CLA$c20131231$lBLL01$h2259
=CAT  \\$aBATCH-CLA$b00$c20161222$lBLL01$h1755
=CAT  \\$aIPL-CLA$c20161230$lBLL01$h2053
=CAT  \\$a10973$b40$c20171204$lBLL01$h1158
=CAT  \\$aBATCH-CLA$b00$c20171222$lBLL01$h2113
=CAT  \\$aIPL-CLA$c20171231$lBLL01$h1608
=CAT  \\$aBATCH-CLA$b00$c20191219$lBLL01$h1722
=CAT  \\$aIPL-CLA$c20191231$lBLL01$h1910
=CAT  \\$aR2001-1524$c20200127$lBLL01$h1957
=CAT  \\$aBATCH-CLA$b00$c20201204$lBLL01$h1522
=CAT  \\$aIPL-CLA$c20201231$lBLL01$h2131
=CAT  \\$aBATCH-CLA$b00$c20221221$lBLL01$h1829
=CAT  \\$aIPL-CLA$c20221231$lBLL01$h2035
=CFI  0\$aCurrent Copyright Fee: GBP25.00$c0$e01-jan-2023$fGBP25.00$g0$hA$5Uk
=CFI  2\$aPrevious Copyright Fee: GBP22.50$c0$e01-jan-2021$fGBP22.50$g0$hA$5Uk
=FIN  \\$aY
=FMT  \\$a  SE
=LAS  \\$aIPL-CLA$b00$c20221231$lBLL01$h2035
=LEO  \\$aMP22.0000071496
=LKR  \\$aPAR$b011773650$lBLL01$nVox sanguinis :international journal of tran$mVox sanguinis.$r772
=SRC  \\$aISN01$bbibmp22.200404.2.aa
=TCO  \\$aCLA$bCLA$c008

