=LDR  01029 as a22003137a 4500
=001  012901131
=003  Uk
=005  20160905082234.0
=006  m\\\\\\\\d\|\\\\\\
=007  cr||||||||||||
=008  040420c19999999enk\x\\\s\\\\\0\\\a0eng\\
=022  0\$a1464-0996
=040  \\$aUk$beng$cUk
=222  \0$aAgbiotechnet
=245  00$aAgbiotechnet$h[electronic resource].
=260  \\$aWallingford :$bCABI Publishing
=336  \\$atext$2rdacontent
=337  \\$acomputer$2rdamedia
=338  \\$aonline resource$2rdacarrier
=856  40$uhttp://www.agbiotechnet.com/
=985  \\$aISSN responsibility transferred to ISSN International Centre as part of a project to transfer all CABI titles to IC responsibility, September 2016.
=CAT  \\$a11313$b40$c20040420$lTMP01$h1141
=CAT  \\$aEXLIBRIS$c20040606$lBLL01$h1132
=CAT  \\$a6537$b40$c20070317$lBLL01$h0852
=CAT  \\$a11313$b40$c20160905$lBLL01$h0822
=FIN  \\$aY$d20070317
=FMT  \\$a  SE
=LAS  \\$a11313$b40$c20160905$lBLL01$h0822
=TCO  \\$aCLA$bCLA$c008

