=LDR  00807 as a22002538a 4500
=001  012901313
=003  Uk
=005  20160905081812.0
=008  040420c\\\\9999xxk\|\\\\\\\\\0\\\a0eng\\
=022  0\$a1366-8420
=040  \\$aUk$beng$cUk
=222  \0$aAgroAmbiente$b(Qualify)
=245  00$aAgroAmbiente.
=336  \\$atext$2rdacontent
=337  \\$aunmediated$2rdamedia
=338  \\$avolume$2rdacarrier
=985  \\$aISSN responsibility transferred to ISSN International Centre as part of a project to transfer all CABI titles to IC responsibility, September 2016.
=985  \\$aCD-ROM
=CAT  \\$a11313$b40$c20040420$lTMP01$h1350
=CAT  \\$aEXLIBRIS$c20040606$lBLL01$h1132
=CAT  \\$a11313$b40$c20160905$lBLL01$h0818
=FMT  \\$a  SE
=LAS  \\$a11313$b40$c20160905$lBLL01$h0818
=TCO  \\$aCLA$bCLA$c008

