=LDR  03297cas a22007577a 4500
=001  012901384
=003  Uk
=005  20221231205458.0
=006  m\\\\\\\\d\|\\\\\\
=007  cr||||||||||||
=008  040420c20049999enkqr\p\s\\\\\0\\\a0eng\\
=022  \\$a1479-0696
=040  \\$aUk$beng$cUk
=210  0\$aAquat. resour. cult. dev.$b(Online)
=222  \0$aAquatic resources, culture and development$b(Online)
=245  00$aAquatic resources, culture and development.
=260  \\$a[Wallingford] :$bCABI.
=310  \\$aQuarterly
=336  \\$atext$2rdacontent
=337  \\$acomputer$2rdamedia
=338  \\$aonline resource$2rdacarrier
=540  \\$aCurrent Copyright Fee: GBP25.00$c0$5Uk
=776  0\$tAquatic resources, culture and development$c(Print)$x1477-903X
=856  40$uhttp://www.cabi-publishing.org/Journals
=985  \\$aISSN responsibility transferred to ISSN International Centre as part of a project to transfer all CABI titles to IC responsibility, September 2016.
=ACF  \\$aBritish Library not licensed to copy$c0$e01-apr-2005$hC$iCLA Excluded$5Uk
=ACF  \\$aBritish Library not licensed to copy$c0$e01-jan-2005$hC$iCLA Excluded$5Uk
=ACF  \\$aBritish Library not licensed to copy$c0$e01-oct-2004$hC$iCLA Excluded$5Uk
=ACF  \\$aPrevious copyright fee: GBP10.50$c0$e01-jan-2011$fGBP10.50$g0$hA$5Uk
=ACF  \\$aPrevious copyright fee: GBP12.00$c0$e01-jan-2012$fGBP12.00$g0$hA$5Uk
=ACF  \\$aPrevious Copyright Fee: GBP12.30$c0$e01-jan-2014$fGBP12.30$g0$hA$5Uk
=ACF  \\$aPrevious Copyright Fee: GBP15.00$c0$e01-jan-2017$fGBP15.00$g0$hA$5Uk
=ACF  \\$aPrevious Copyright Fee: GBP17.50$c0$e01-jan-2018$fGBP17.50$g0$hA$5Uk
=ACF  \\$aPrevious Copyright Fee: GBP20.00$c0$e01-jan-2020$fGBP20.00$g0$hA$5Uk
=CAT  \\$a11194$b40$c20040420$lTMP01$h1410
=CAT  \\$aCLA$b00$c20050228$lBLL01$h1659
=CAT  \\$c20050401$lBLL01$h0556
=CAT  \\$c20050401$lBLL01$h0711
=CAT  \\$c20050401$lBLL01$h0827
=CAT  \\$a8323$b40$c20050408$lBLL01$h0958
=CAT  \\$a8874$b40$c20100604$lBLL01$h1425
=CAT  \\$aBATCH-UPD$b40$c20101201$lBLL01$h1249
=CAT  \\$aIPL-CLA$c20101231$lBLL01$h1512
=CAT  \\$aWR11_203$c20111204$lBLL01$h1508
=CAT  \\$aIPL-CLA$c20111230$lBLL01$h2018
=CAT  \\$aBATCH-CLA$b00$c20121109$lBLL01$h1731
=CAT  \\$aBATCH-CLA$c20131220$lBLL01$h2027
=CAT  \\$aIPL-CLA$c20131231$lBLL01$h2336
=CAT  \\$a11313$b40$c20160905$lBLL01$h0834
=CAT  \\$aBATCH-CLA$b00$c20161222$lBLL01$h1802
=CAT  \\$aIPL-CLA$c20161230$lBLL01$h2123
=CAT  \\$aBATCH-CLA$b00$c20171222$lBLL01$h2123
=CAT  \\$aIPL-CLA$c20171231$lBLL01$h1630
=CAT  \\$aBATCH-CLA$b00$c20191219$lBLL01$h1731
=CAT  \\$aIPL-CLA$c20191231$lBLL01$h1926
=CAT  \\$aR2001-1524$c20200127$lBLL01$h2004
=CAT  \\$aBATCH-CLA$b00$c20201204$lBLL01$h1531
=CAT  \\$aIPL-CLA$c20201231$lBLL01$h2150
=CAT  \\$aBATCH-CLA$b00$c20221221$lBLL01$h1839
=CAT  \\$aIPL-CLA$c20221231$lBLL01$h2054
=CFI  0\$aCurrent Copyright Fee: GBP25.00$c0$e01-jan-2023$fGBP25.00$g0$hA$5Uk
=CFI  2\$aPrevious Copyright Fee: GBP22.50$c0$e01-jan-2021$fGBP22.50$g0$hA$5Uk
=FIN  \\$aY$d20050408
=FMT  \\$a  SE
=LAS  \\$aIPL-CLA$b00$c20221231$lBLL01$h2054
=TCO  \\$aCLA$bCLA$c008

