=LDR  01207cas a22002658a 4500
=001  012901733
=003  Uk
=005  20230801085546.0
=008  040421c\\\\9999xxk\|\\\\\\\\\0\\\a0eng\\
=022  \\$a1600-0439
=040  \\$aUk$beng$cUk
=222  \0$aActa orientalia$b(Online)
=245  00$aActa orientalia.
=336  \\$atext$2rdacontent
=337  \\$aunmediated$2rdamedia
=338  \\$avolume$2rdacarrier
=985  \\$aISSN UK Centre: ISSN assigned by ISSN Denmark, transferred to UK centre as published by Munksgaard (?) - would have been UK responsibility but record never confirmed. Now published in Norway (https://journals.uio.no/actaorientalia/index) - email sent to ISSN Norway asking them to take responsibility and confirm the record in the Portal. ISSN Norway already have responsibility for print version (ISSN 0001-6438) 24/7/23 DLW.
=985  \\$aISSN UK Centre: ISSN responsibility transferred to ISSN Norway 1/8/23 DLW.
=CAT  \\$a8201$b40$c20040421$lTMP01$h0948
=CAT  \\$aEXLIBRIS$c20040606$lBLL01$h1132
=CAT  \\$a10973$b40$c20230724$lBLL01$h1357
=CAT  \\$a10973$b40$c20230801$lBLL01$h0855
=FMT  \\$a  SE
=LAS  \\$a10973$b40$c20230801$lBLL01$h0855
=TCO  \\$aCLA$bCLA$c008

