=LDR  00911 as a22003137a 4500
=001  012903519
=003  Uk
=005  20060224092043.0
=007  ta
=008  040422d20022003sp\mr\\\\\\\\\0\\\a0eng\\
=022  \\$a1477-6812
=040  \\$aUk$beng$cUk
=222  \0$aBest wordsearch
=245  00$aBest wordsearch.
=260  \\$aMadrid :$bEdigrama.
=310  \\$aMonthly
=336  \\$atext$2rdacontent
=337  \\$aunmediated$2rdamedia
=338  \\$avolume$2rdacarrier
=985  \\$aISSN responsibility transferred to ISSN Spain Nov. 2005
=CAT  \\$aDAVID$b40$c20040422$lTMP01$h1216
=CAT  \\$aEXLIBRIS$c20040606$lBLL01$h1132
=CAT  \\$a11316$b40$c20051017$lBLL01$h1525
=CAT  \\$a11316$b40$c20060224$lBLL01$h0858
=CAT  \\$a11316$b40$c20060224$lBLL01$h0912
=CAT  \\$a11316$b40$c20060224$lBLL01$h0920
=FMT  \\$a  SE
=LAS  \\$a11316$b40$c20060224$lBLL01$h0920
=TCO  \\$aESP$bCEDRO$c008

