=LDR  00889 as a22002658a 4500
=001  012905311
=003  Uk
=005  20070419122230.0
=008  040427c19939999xxkfr\\\\\\\\\0\\\a0eng\\
=022  \\$a1350-1127
=040  \\$aUk$beng$cUk
=222  \0$aChemical and pharmaceutical technology
=245  00$aChemical and pharmaceutical technology.
=260  \\$aHong Kong :$bAshburn Sellers Publishing
=336  \\$atext$2rdacontent
=337  \\$aunmediated$2rdamedia
=338  \\$avolume$2rdacarrier
=985  \\$aISSN UK Centre -ISSN Responsibility transferred to ISSN International Centre 5/4/07 Published in Hong Kong
=CAT  \\$a11194$b40$c20040427$lTMP01$h0929
=CAT  \\$aEXLIBRIS$c20040606$lBLL01$h1132
=CAT  \\$a11316$b40$c20070403$lBLL01$h1451
=CAT  \\$a11316$b40$c20070419$lBLL01$h1222
=FMT  \\$a  SE
=LAS  \\$a11316$b40$c20070419$lBLL01$h1222
=TCO  \\$aCLA$bCLA$c008

