=LDR  01269 as a22003857a 4500
=001  012905786
=003  Uk
=005  20171110113006.0
=006  m\\\\\\\\d\|\\\\\\
=007  cr||||||||||||
=008  040427c20039999enk\x\\\s\\\\\0\\\a0eng\\
=022  \\$a1478-1247
=040  \\$aUk$beng$cUk$dUk
=222  \0$aBloodMed.com
=245  00$aBloodMed.com$h[electronic resource].
=246  30$aBloodMed
=260  \\$aOxford :$bBlackwell
=260  3\$aOxford :$bWiley-Blackwell
=336  \\$atext$2rdacontent
=337  \\$acomputer$2rdamedia
=338  \\$aonline resource$2rdacarrier
=856  40$uhttp://www.bloodmed.com/home/
=985  \\$aISSN responsibility transferred to U.S. ISSN Center from ISSN UK Centre, Wiley, Multinational Publisher List, Summer 2017.
=CAT  \\$aDAVID$b40$c20040427$lTMP01$h1259
=CAT  \\$aEXLIBRIS$c20040606$lBLL01$h1133
=CAT  \\$aBATCH-CLA$b00$c20061130$lBLL01$h1728
=CAT  \\$aBATCH-UPD$b00$c20061229$lBLL01$h2107
=CAT  \\$aBATCH$b00$c20061229$lBLL01$h2154
=CAT  \\$a6537$b40$c20070211$lBLL01$h0951
=CAT  \\$a11205$b40$c20171110$lBLL01$h1121
=CAT  \\$a11205$b40$c20171110$lBLL01$h1130
=FIN  \\$aY$d20070211
=FMT  \\$a  SE
=LAS  \\$a11205$b40$c20171110$lBLL01$h1130
=TCO  \\$aCLA$bCLA$c008

