=LDR  01154 as a22003497a 4500
=001  012905819
=003  Uk
=005  20110628075539.0
=008  040427c20039999sa\fr\p\\\\\\\0\\\a0eng\\
=022  0\$a1727-3366
=040  \\$aUk$beng$cUk
=222  \0$aCompetition law reports
=245  00$aCompetition law reports.
=260  \\$aDurban :$bLexisNexis Butterworths
=260  3\$aDurban :$bLexisNexis
=310  \\$aSemi-annual
=336  \\$atext$2rdacontent
=337  \\$aunmediated$2rdamedia
=338  \\$avolume$2rdacarrier
=985  \\$aISSN responsibility taken by ISSN UK from the IC, 18.02.07
=985  \\$aISSN responsibility transferred to ISSN International Centre from ISSN UK Centre, 28.06.2011
=CAT  \\$a11439$b40$c20040427$lTMP01$h1313
=CAT  \\$aEXLIBRIS$c20040606$lBLL01$h1133
=CAT  \\$a6537$b40$c20070218$lBLL01$h0719
=CAT  \\$a6537$b40$c20070218$lBLL01$h0723
=CAT  \\$a11313$b40$c20110628$lBLL01$h0753
=CAT  \\$a11313$b40$c20110628$lBLL01$h0754
=CAT  \\$a11313$b40$c20110628$lBLL01$h0755
=FIN  \\$aY$d20070218
=FMT  \\$a  SE
=LAS  \\$a11313$b40$c20110628$lBLL01$h0755
=TCO  \\$aZAF$bDALRO$c008

