=LDR  01062cas a22002778a 4500
=001  012907484
=003  Uk
=005  20220718163747.0
=008  040429c\\\\9999xxk\|\\\\\\\\\0\\\a0eng\\
=022  0\$a0265-5853
=040  \\$aUk$beng$cUk
=222  \0$aBuilding and construction news
=245  00$aBuilding and construction news.
=264  \1$aLondon :$bAl Hilal Publishing
=336  \\$atext$2rdacontent
=337  \\$aunmediated$2rdamedia
=338  \\$avolume$2rdacarrier
=985  \\$aISSN UK Centre: ISSN responsibility transferred to ISSN Singapore.
=985  \\$aISSN UK Centre: KTF query, Aleph record was suppressed but Portal record is confirmed and responsibility of ISSN Singapore. Suppression notes/UK coding removed and comments updated to reflect Portal record. DLW 18/7/22.
=CAT  \\$a8323$b40$c20040429$lTMP01$h0803
=CAT  \\$aEXLIBRIS$c20040606$lBLL01$h1133
=CAT  \\$aBATCH-UPD$b00$c20121030$lBLL01$h1626
=CAT  \\$a10973$b40$c20220718$lBLL01$h1637
=FMT  \\$a  SE
=LAS  \\$a10973$b40$c20220718$lBLL01$h1637
=TCO  \\$aCLA$bCLA$c008

