=LDR  01398pas a22004337a 4500
=001  012907937
=003  Uk
=005  20170731093429.0
=006  m\\\\\\\\d\|\\\\\\
=007  cr||||||||||||
=008  040429c20019999sz\fr\p\s\\\\\0\\\a0eng\\
=022  \\$a1473-2262
=040  \\$aUk$beng$cUk$dUk
=210  0\$aEur. cells mater.
=222  \0$aEuropean cells & materials
=245  00$aEuropean cells & materials.
=246  3\$aEuropean cells and materials
=246  3\$aeCM
=260  \\$aAberystwyth :$bUniversity of Wales.
=264  31$aDavos :$bAO Research Institute Davos
=310  \\$aSemiannual
=336  \\$atext$2rdacontent
=337  \\$acomputer$2rdamedia
=338  \\$aonline resource$2rdacarrier
=710  2\$aSwiss Society for Biomaterials.
=710  2\$aTissue and Cell Engineering Society.
=856  4\$uhttp://www.ecmjournal.org/index.htm
=985  \\$aISSN responsibility transferred to either ISSN Switzerland or ISSN IC (July 2017)
=CAT  \\$a8201$b40$c20040429$lTMP01$h1500
=CAT  \\$aEXLIBRIS$c20040606$lBLL01$h1133
=CAT  \\$a11194$b40$c20040720$lBLL01$h1634
=CAT  \\$a5100$b40$c20041008$lBLL01$h0923
=CAT  \\$a8128$b40$c20041020$lBLL01$h1412
=CAT  \\$a8870$b40$c20050404$lBLL01$h1219
=CAT  \\$a10806$b40$c20170731$lBLL01$h0934
=FIN  \\$aY
=FMT  \\$a  SE
=LAS  \\$a10806$b40$c20170731$lBLL01$h0934
=TCO  \\$aCLA$bCLA$c008

