=LDR  01174 as a22003497a 4500
=001  012908301
=003  Uk
=005  20070606174646.0
=007  ta
=008  040430c199u9999enk\x\m\\\\\\\0\\\a0eng\\
=022  \\$a1473-8066
=040  \\$aUk$beng$cUk$dUk
=222  \0$aDrugs in focus$b(Chester)
=245  00$aDrugs in focus.
=260  \\$aChester :$bAdis International
=260  3\$aPuteaux Cedex :$bAdis International
=310  \\$aIrregular
=336  \\$atext$2rdacontent
=337  \\$aunmediated$2rdamedia
=338  \\$avolume$2rdacarrier
=985  \\$aISSN completed from 1991 issue - published in Chester. ISSN actually requested in 2001 - publisher address in 2002 issue is Puteaux Cedex, France.
=985  \\$aISSN responsibility transferred to ISSN France 15/5/2007
=CAT  \\$a11439$b40$c20040430$lTMP01$h1140
=CAT  \\$aEXLIBRIS$c20040606$lBLL01$h1133
=CAT  \\$a8128$b40$c20061115$lBLL01$h1059
=CAT  \\$a8128$b40$c20061115$lBLL01$h1102
=CAT  \\$a11316$b40$c20070524$lBLL01$h1209
=CAT  \\$a8128$b40$c20070606$lBLL01$h1746
=FIN  \\$aY$d20061115
=FMT  \\$a  SE
=LAS  \\$a8128$b40$c20070606$lBLL01$h1746
=TCO  \\$aCLA$bCLA$c008

