=LDR  02798cas a22006617a 4500
=001  012908422
=003  Uk
=005  20230210010212.0
=007  ta
=008  040430c20019999enk\x\\\\\\\\\0\\\a0eng\\
=022  0\$a1474-1644
=040  \\$aUk$beng$cUk
=210  0\$aJ. neurochem. Suppl.
=222  \0$aJournal of neurochemistry. Supplement
=245  00$aJournal of neurochemistry.$pSupplement.
=260  \\$aOxford :$bBlackwell Science
=310  \\$aIrregular
=336  \\$atext$2rdacontent
=337  \\$aunmediated$2rdamedia
=338  \\$avolume$2rdacarrier
=540  \\$aCurrent Copyright Fee: GBP28.00$c0$5Uk
=772  0\$tJournal of neurochemistry$x0022-3042
=985  \\$aISSN responsibility transferred to U.S. ISSN Center from ISSN UK Centre, Wiley, Multinational Publisher List, Summer 2017.
=ACF  \\$aPrevious Copyright Fee: GBP22.00$c0$e01-oct-2008$fGBP22.00$g0$hC$5Uk
=ACF  \\$aPrevious copyright fee: GBP10.50$c0$e01-jan-2011$fGBP10.50$g0$hA$5Uk
=ACF  \\$aPrevious copyright fee: GBP12.00$c0$e01-jan-2012$fGBP12.00$g0$hA$5Uk
=ACF  \\$aPrevious Copyright Fee: GBP12.30$c0$e01-jan-2014$fGBP12.30$g0$hA$5Uk
=ACF  \\$aPrevious Copyright Fee: GBP24.00$c0$e01-jul-2015$fGBP24.00$g0$hC$5Uk
=ACF  \\$aPrevious Copyright Fee: GBP28.00$c0$e01-apr-2019$fGBP28.00$g0$hC$5Uk
=CAT  \\$a9604$b40$c20040430$lTMP01$h1327
=CAT  \\$aEXLIBRIS$c20040606$lBLL01$h1133
=CAT  \\$a6537$b40$c20070116$lBLL01$h1521
=CAT  \\$aBATCH-CLA$b00$c20080829$lBLL01$h1835
=CAT  \\$aBATCH-UPD$b00$c20081001$lBLL01$h0010
=CAT  \\$aBATCH$b00$c20081001$lBLL01$h0126
=CAT  \\$aBATCH-UPD$b00$c20101201$lBLL01$h1249
=CAT  \\$aIPL-CLA$c20101231$lBLL01$h1512
=CAT  \\$aWR11_203$c20111204$lBLL01$h1508
=CAT  \\$aIPL-CLA$c20111230$lBLL01$h2018
=CAT  \\$aBATCH-CLA$b00$c20121109$lBLL01$h1731
=CAT  \\$aBATCH-CLA$c20131220$lBLL01$h2027
=CAT  \\$aIPL-CLA$c20131231$lBLL01$h2336
=CAT  \\$aBATCH-CLA$b00$c20150529$lBLL01$h1528
=CAT  \\$aIPL-CLA$c20150630$lBLL01$h1644
=CAT  \\$a10806$b40$c20180119$lBLL01$h1556
=CAT  \\$aBATCH-CLA$b00$c20190228$lBLL01$h1623
=CAT  \\$aIPL-CLA$c20190331$lBLL01$h1725
=CAT  \\$aBATCH-CLA$b00$c20221130$lBLL01$h1433
=CAT  \\$aIPL-CLA$c20221231$lBLL01$h2055
=CAT  \\$aBATCH-CLA$b00$c20230209$lBLL01$h1521
=CAT  \\$aIPL-CLA$c20230210$lBLL01$h0102
=CFI  0\$aCurrent Copyright Fee: GBP28.00$c0$e09-feb-2023$fGBP28.00$g0$hC$5Uk
=CFI  2\$aBritish Library not licensed to copy$c0$e01-jan-2023$hC$iCFP Excluded$5Uk
=FIN  \\$aY$d20070116
=FMT  \\$a  SE
=LAS  \\$aIPL-CLA$b00$c20230210$lBLL01$h0102
=LKR  \\$aPAR$b009543058$lBLL01$r772$mJournal of neurochemistry. Supplement$nJournal of neurochemistry
=TCO  \\$aCLA$bCLA$c008

