=LDR  04259cas a22008777a 4500
=001  012908437
=003  Uk
=005  20230210010212.0
=008  040430c19939999enk\x\m\\\\\\\0\\\a0eng\\
=022  \\$a0969-9473
=040  \\$aUk$beng$cUk
=210  0\$aJ. nurs. manag., Suppl.
=222  \0$aJournal of nursing management. Supplement
=245  00$aJournal of nursing management.$pSupplement.
=260  \\$aOxford :$bBlackwell Scientific Publications.
=336  \\$atext$2rdacontent
=337  \\$aunmediated$2rdamedia
=338  \\$avolume$2rdacarrier
=540  \\$aCurrent Copyright Fee: GBP28.00$c0$5Uk
=772  0\$tJournal of nursing management$c(Print)$x0966-0429
=985  \\$aISSN responsibility transferred to U.S. ISSN Center from ISSN UK Centre, Wiley, Multinational Publisher List, Summer 2017.
=ACF  \\$aPrevious Copyright Fee: GBP16.00$c0$e01-apr-2012$fGBP16.00$g0$hC$5Uk
=ACF  \\$aPrevious Copyright Fee: GBP16.00$c0$e01-jan-2012$fGBP16.00$g0$hC$5Uk
=ACF  \\$aPrevious Copyright Fee: GBP16.00$c0$e01-oct-2011$fGBP16.00$g0$hC$5Uk
=ACF  \\$aPrevious Copyright Fee: GBP16.00$c0$e01-jul-2011$fGBP16.00$g0$hC$5Uk
=ACF  \\$aPrevious Copyright Fee: GBP16.00$c0$e01-apr-2011$fGBP16.00$g0$hC$5Uk
=ACF  \\$aPrevious Copyright Fee: GBP16.00$c0$e01-jan-2011$fGBP16.00$g0$hC$5Uk
=ACF  \\$aPrevious Copyright Fee: GBP16.00$c0$e01-oct-2010$fGBP16.00$g0$hC$5Uk
=ACF  \\$aPrevious Copyright Fee: GBP16.00$c0$e01-jul-2010$fGBP16.00$g0$hC$5Uk
=ACF  \\$aPrevious Copyright Fee: GBP16.00$c0$e01-apr-2010$fGBP16.00$g0$hC$5Uk
=ACF  \\$aPrevious Copyright Fee: GBP16.00$c0$e01-Jan-2010$fGBP16.00$g0$hC$5Uk
=ACF  \\$aPrevious Copyright Fee: GBP16.00$c0$e01-oct-2009$fGBP16.00$g0$hC$5Uk
=ACF  \\$aPrevious Copyright Fee: GBP16.00$c0$e01-jul-2009$fGBP16.00$g0$hC$5Uk
=ACF  \\$aPrevious Copyright Fee: GBP16.00$c0$e01-apr-2009$fGBP16.00$g0$hC$5Uk
=ACF  \\$aPrevious Copyright Fee: GBP22.00$c0$e01-oct-2008$fGBP22.00$g0$hC$5Uk
=ACF  \\$aPrevious Copyright Fee: GBP22.60$c0$e01-jul-2012$fGBP22.60$g0$hC$5Uk
=ACF  \\$aPrevious Copyright Fee: GBP22.60$c0$e01-oct-2012$fGBP22.60$g0$hC$5Uk
=ACF  \\$aPrevious Copyright Fee: GBP12.00$c0$e01-jan-2013$fGBP12.00$g0$hC$5Uk
=ACF  \\$aPrevious Copyright Fee: GBP22.60$c0$e01-jan-2014$fGBP22.60$g0$hC$5Uk
=ACF  \\$aPrevious Copyright Fee: GBP22.00$c0$e01-apr-2014$fGBP22.00$g0$hC$5Uk
=ACF  \\$aPrevious Copyright Fee: GBP24.00$c0$e01-oct-2015$fGBP24.00$g0$hC$5Uk
=ACF  \\$aPrevious Copyright Fee: GBP28.00$c0$e01-apr-2019$fGBP28.00$g0$hC$5Uk
=CAT  \\$a9604$b40$c20040430$lTMP01$h1336
=CAT  \\$aBATCH-CLA$b00$c20110831$lBLL01$h1739
=CAT  \\$aIPL-CLA$c20110930$lBLL01$h1548
=CAT  \\$aBATCH-CLA$b00$c20111130$lBLL01$h1212
=CAT  \\$aIPL-CLA$c20111230$lBLL01$h2018
=CAT  \\$aBATCH-CLA$b00$c20120229$lBLL01$h1603
=CAT  \\$aIPL-CLA$c20120330$lBLL01$h1434
=CAT  \\$aBATCH-CLA$b00$c20120531$lBLL01$h1707
=CAT  \\$aIPL-CLA$c20120629$lBLL01$h1033
=CAT  \\$aBATCH-CLA$b00$c20120831$lBLL01$h1540
=CAT  \\$aIPL-CLA$c20120930$lBLL01$h2118
=CAT  \\$aBATCH-CLA$b00$c20121109$lBLL01$h1731
=CAT  \\$aBATCH-CLA$b00$c20121130$lBLL01$h1244
=CAT  \\$aIPL-CLA$c20121231$lBLL01$h1311
=CAT  \\$aIPL-CLA$c20130102$lBLL01$h1730
=CAT  \\$aBATCH-CLA$b00$c20131129$lBLL01$h1642
=CAT  \\$aIPL-CLA$c20131231$lBLL01$h2336
=CAT  \\$aBATCH-CLA$b00$c20140228$lBLL01$h1610
=CAT  \\$aIPL-CLA$c20140331$lBLL01$h1625
=CAT  \\$aBATCH-CLA$b00$c20150828$lBLL01$h1539
=CAT  \\$aIPL-CLA$c20150930$lBLL01$h1802
=CAT  \\$a10806$b40$c20180119$lBLL01$h1600
=CAT  \\$aBATCH-CLA$b00$c20190228$lBLL01$h1623
=CAT  \\$aIPL-CLA$c20190331$lBLL01$h1725
=CAT  \\$aBATCH-CLA$b00$c20221130$lBLL01$h1435
=CAT  \\$aIPL-CLA$c20221231$lBLL01$h2055
=CAT  \\$aBATCH-CLA$b00$c20230209$lBLL01$h1522
=CAT  \\$aIPL-CLA$c20230210$lBLL01$h0102
=CFI  0\$aCurrent Copyright Fee: GBP28.00$c0$e09-feb-2023$fGBP28.00$g0$hC$5Uk
=CFI  2\$aBritish Library not licensed to copy$c0$e01-jan-2023$hC$iCFP Excluded$5Uk
=FIN  \\$aY
=FMT  \\$a  SE
=LAS  \\$aIPL-CLA$b00$c20230210$lBLL01$h0102
=TCO  \\$aCLA$bCLA$c008

