=LDR  01376 as a22003737a 4500
=001  012909091
=003  Uk
=005  20180226111745.0
=007  ta
=008  040504c19959999enkux\p\\\\\\\0\\\a0eng\\
=022  \\$a1360-5801
=040  \\$aUk$beng$cUk
=210  0\$aEur. j. cancer care. Suppl.
=222  \0$aEuropean journal of cancer care. Supplement
=245  00$aEuropean journal of cancer care.$pSupplement.
=260  \\$aOxford :$bBlackwell Science
=264  31$a[Oxford] :$b[John Wiley & Sons Ltd]
=336  \\$atext$2rdacontent
=337  \\$aunmediated$2rdamedia
=338  \\$avolume$2rdacarrier
=772  0\$tEuropean journal of cancer care
=985  \\$aISSN responsibility transferred to US ISSN Center from ISSN UK Centre, Wiley, Multinational Publisher List, Summer 2017.
=CAT  \\$a8201$b40$c20040504$lTMP01$h1100
=CAT  \\$aEXLIBRIS$c20040606$lBLL01$h1133
=CAT  \\$a11439$b40$c20070304$lBLL01$h1340
=CAT  \\$a11439$b40$c20070304$lBLL01$h1341
=CAT  \\$a11439$b40$c20070304$lBLL01$h1342
=CAT  \\$a11313$b40$c20180226$lBLL01$h1054
=CAT  \\$a11313$b40$c20180226$lBLL01$h1117
=FIN  \\$aY$d20070304
=FMT  \\$a  SE
=LAS  \\$a11313$b40$c20180226$lBLL01$h1117
=LKR  \\$aPAR$b010818221$lBLL01$r772$mEuropean journal of cancer care. Supplement$nEuropean journal of cancer care (English ed. Print)
=TCO  \\$aCLA$bCLA$c008

