=LDR  00976 as a22003257a 4500
=001  012909328
=003  Uk
=005  20060602125805.0
=007  ta
=008  040504d200u2004ne\uu\p\\\\\\\0\\\a0eng\\
=022  0\$a1475-8741
=040  \\$aUk$beng$cUk
=222  \0$aGasNet$b(Enschede)
=245  00$aGasNet.
=260  \\$aEnschede :$bBTG Biomass Technology Group
=336  \\$atext$2rdacontent
=337  \\$aunmediated$2rdamedia
=338  \\$avolume$2rdacarrier
=580  \\$aMerged with: PyNE, to form: ThermalNet.
=785  17$tPyNE$x1470-3521
=785  17$tThermalNet$x1750-8363
=985  \\$aISSN Responsibility transferred to ISSN Netherlands 10.04.06.
=CAT  \\$a8124$b40$c20040504$lTMP01$h1346
=CAT  \\$aEXLIBRIS$c20040606$lBLL01$h1133
=CAT  \\$a11316$b40$c20060410$lBLL01$h1056
=CAT  \\$a6537$b40$c20060602$lBLL01$h1258
=FIN  \\$aY$d20060602
=FMT  \\$a  SE
=LAS  \\$a6537$b40$c20060602$lBLL01$h1258
=TCO  \\$aNLD$bSTICHTING REPRORECHT$c008

