=LDR  02751 as a22007337a 4500
=001  012909334
=003  Uk
=005  20191231192702.0
=006  m\\\\\\\\d\|\\\\\\
=007  cr||||||||||||
=008  040504c20039999enk\x\\\s\\\\\0\\\a0eng\\
=022  0\$a1478-1239
=040  \\$aUk$beng$cUk$dUk
=082  04$a616.3$223
=222  \0$aGastroHep.com
=245  00$aGastroHep.com.
=246  30$aGastroHep
=260  \\$aOxford :$bBlackwell
=264  31$a[Oxford] :$b[Wiley-Blackwell]
=336  \\$atext$2rdacontent
=337  \\$acomputer$2rdamedia
=338  \\$aonline resource$2rdacarrier
=540  \\$aCurrent Copyright Fee: GBP39.00$c35\0$5Uk
=856  \\$31850-9999$uhttp://onlinelibrary.wiley.com/$xBLDSS
=856  4\$uhttps://www.gastrohep.net/
=859  \\$aELD$bejournal
=945  \\$aGastroHep.com.
=979  \\$aBritish Library$bDSC$j4089.037000N
=985  \\$aISSN responsibility transferred to US ISSN Center from ISSN UK Centre, Wiley, Multinational Publisher List, Summer 2017.
=985  \\$aDO NOT CONFUSE WITH WILEY JOURNAL GastroHep ON #019592369 WHICH BEGAN IN 2019. THIS IS A DIGEST SITE
=CAT  \\$a8124$b40$c20040504$lTMP01$h1350
=CAT  \\$aBATCH-CLA$b00$c20060901$lBLL01$h1647
=CAT  \\$aBATCH-UPD$b00$c20060929$lBLL01$h2059
=CAT  \\$aBATCH-UPD$b00$c20060929$lBLL01$h2202
=CAT  \\$aBATCH$b00$c20060929$lBLL01$h2303
=CAT  \\$aBATCH-CLA$b00$c20061130$lBLL01$h1728
=CAT  \\$aBATCH-UPD$b00$c20061229$lBLL01$h2018
=CAT  \\$aBATCH-UPD$b00$c20061229$lBLL01$h2107
=CAT  \\$aBATCH$b00$c20061229$lBLL01$h2154
=CAT  \\$a6537$b40$c20070211$lBLL01$h0949
=CAT  \\$a11313$b40$c20180227$lBLL01$h1155
=CAT  \\$a14412$b40$c20190107$lBLL01$h0849
=CAT  \\$a14412$b40$c20190107$lBLL01$h0850
=CAT  \\$a14586$b40$c20190405$lBLL01$h1412
=CAT  \\$a5552$b40$c20190712$lBLL01$h0805
=CAT  \\$aBLDSS-3PM$b00$c20190717$lBLL01$h1521
=CAT  \\$aBATCH-UPD$b00$c20190717$lBLL01$h1521
=CAT  \\$a5410$b40$c20190725$lBLL01$h1521
=CAT  \\$a5410$b40$c20190725$lBLL01$h1522
=CAT  \\$a5410$b40$c20190725$lBLL01$h1523
=CAT  \\$a8124$b40$c20191031$lBLL01$h1018
=CAT  \\$a5410$b40$c20191122$lBLL01$h0915
=CAT  \\$a14586$b40$c20191125$lBLL01$h1416
=CAT  \\$aR1911-0245$c20191127$lBLL01$h0944
=CAT  \\$aR1911-0245$c20191127$lBLL01$h1045
=CAT  \\$aIPL-CLA$c20191231$lBLL01$h1927
=CFI  0\$aCurrent Copyright Fee: GBP39.00$c35\0$e01-jan-2020$fGBP39.00$g0$hP$5Uk
=CFI  2\$aPrevious copyright fee: GBP28.00$c35\0$e12-jul-2019$fGBP28.00$g0$hP$5Uk
=FFP  \\$aY$bBLDSS-3PM
=FIN  \\$aY$d20070211
=FMT  \\$a  SE
=LAS  \\$aIPL-CLA$b00$c20191231$lBLL01$h1927
=TCO  \\$aCLA$bCLA$c008
=UNO  \\$aY

