=LDR  03464 as a2200829 a 4500
=001  012910515
=003  Uk
=005  20160608141022.0
=008  040505c20049999cj\fr\p\\\\\\\0\\\a0eng\\
=015  \\$aGBA517040$2bnb
=022  0\$a1743-3185
=040  \\$aUk$beng$cUk$dUk
=042  \\$aukblsr
=082  04$a621.38928$222
=222  \0$aGlobal sources. Security products
=245  00$aGlobal sources.$pSecurity products.
=246  30$aSecurity products
=260  \\$aGrand Cayman :$bTrade Media,$c2004-.
=300  \\$av. :$bcol. ill. ;$c28 cm.
=310  \\$aSemi-annual
=336  \\$atext$2rdacontent
=337  \\$aunmediated$2rdamedia
=338  \\$avolume$2rdacarrier
=362  0\$aVol. 1 (2004)- ; new ser., Vol. 1, no. 1 (Apr. 2007)-
=500  \\$aSome issues have accompanying CD-ROM.
=515  \\$aNew series: Vol. 1, no. 1 (Apr. 2007)
=540  \\$aBritish Library not licensed to copy$c0$5Uk
=595  \\$aSee Card Index
=650  \0$aElectronic security systems$vPeriodicals.
=650  \0$aSecurity systems$vPeriodicals.
=776  0\$tGlobal sources. Security products$c(Online)$x2045-6212
=780  00$tGlobal sources. Security & safety$x1741-5578
=945  \\$aGlobal sources security products
=979  \\$aBritish Library$bDSC$j4195.475303N$xDSC Not Selected
=985  \\$aISSN responsibility transferred to ISSN Singapore, now published by Media Data Systems Pte Ltd in Singapore (info via IC) (08/06/16)
=ACF  \\$aPrevious copyright fee: GBP9.00$c0$e01-apr-2010$fGBP9.00$g0$hA$5Uk
=ACF  \\$aPrevious copyright fee: GBP6.00$c0$e01-apr-2008$fGBP6.00$g0$hA$5Uk
=ACF  \\$aPrevious Copyright Fee: GBP5.00$c0$e23-aug-2007$fGBP5.00$g0$hA$5Uk
=CAT  \\$a11313$b40$c20040505$lTMP01$h1335
=CAT  \\$a11313$b40$c20050224$lBLL01$h0830
=CAT  \\$a11439$b40$c20070402$lBLL01$h0952
=CAT  \\$a11439$b40$c20070402$lBLL01$h0953
=CAT  \\$a6738$b40$c20070823$lBLL01$h1208
=CAT  \\$aBATCH-UPD$b40$c20080223$lBLL01$h2001
=CAT  \\$aBATCH-UPD$b40$c20080225$lBLL01$h2242
=CAT  \\$aBATCH-UPD$b40$c20080330$lBLL01$h0802
=CAT  \\$aBATCH-UPD$b40$c20080330$lBLL01$h1557
=CAT  \\$aBATCH$b00$c20080330$lBLL01$h2259
=CAT  \\$aBATCH-UPD$b00$c20100226$lBLL01$h0138
=CAT  \\$aBATCH-UPD$b00$c20100331$lBLL01$h2332
=CAT  \\$aBATCH-UPD$b00$c20100401$lBLL01$h0251
=CAT  \\$aBATCH$b00$c20100401$lBLL01$h0554
=CAT  \\$aBATCH$b00$c20100401$lBLL01$h1627
=CAT  \\$aBATCH-UPD$b00$c20101124$lBLL01$h1944
=CAT  \\$aBATCH-UPD$b00$c20101125$lBLL01$h1212
=CAT  \\$aIPL-CLA$c20101231$lBLL01$h1512
=CAT  \\$aBATCH-UPD$b00$c20110907$lBLL01$h1825
=CAT  \\$aIPL-CLA$c20110908$lBLL01$h1740
=CAT  \\$aISSN$b40$c20111019$lBLL01$h0937
=CAT  \\$aBATCH-CLA$b00$c20121109$lBLL01$h1731
=CAT  \\$a10969$b40$c20140310$lBLL01$h1348
=CAT  \\$aWR14_140$c20140905$lBLL01$h1805
=CAT  \\$a10806$b40$c20160608$lBLL01$h1410
=CAT  \\$aW1711-1225$c20171203$lBLL01$h1020
=CFI  0\$aBritish Library not licensed to copy$c0$e07-sep-2011$hC$iTX$5Uk
=CFI  2\$aPrevious copyright fee: GBP10.50$c0$e01-jan-2011$fGBP10.50$g0$hA$5Uk
=FIN  \\$aY$d20050224
=FMT  \\$a  SE
=LAS  \\$aW1711-1225$b00$c20171203$lBLL01$h1020
=LKR  \\$aPAR$b012090059$lBLL01$r78000$mGlobal sources. Security products$nGlobal sources. Security & safety
=STA  \\$aSUPPRESSED$bunable to determine reason for suppression
=TCO  \\$aXXX$c008

