=LDR  01423pas a22004337a 4500
=001  012910791
=003  Uk
=005  20070905105910.0
=006  m\\\\\\\\d\|\\\\\\
=007  cr||||||||||||
=008  040505c20039999enkqr\p\s\\\\\0\\\a0eng\\
=022  0\$a1740-1909
=040  \\$aUk$beng$cUk
=210  0\$aJ. advert. res.$b(Online)
=222  \0$aJournal of advertising research$b(Online)
=245  00$aJournal of advertising research.
=260  \\$aCambridge$bCambridge University Press
=260  3\$a2006-$aHanover, Pa. :$bWARC
=310  \\$aQuarterly
=336  \\$atext$2rdacontent
=337  \\$acomputer$2rdamedia
=338  \\$aonline resource$2rdacarrier
=710  2\$aAdvertising Research Foundation.
=776  0\$tJournal of advertising research$x0021-8499
=856  4\$uhttp://www.jar.warc.com/
=985  \\$aISSN responsibility transferred to ISSN US Centre - 05.09.07
=CAT  \\$a8483$b40$c20040505$lTMP01$h1605
=CAT  \\$aEXLIBRIS$c20040606$lBLL01$h1133
=CAT  \\$a11194$b40$c20040708$lBLL01$h1406
=CAT  \\$a11194$b40$c20040709$lBLL01$h0933
=CAT  \\$a11194$b40$c20040713$lBLL01$h1137
=CAT  \\$a11194$b40$c20040713$lBLL01$h1138
=CAT  \\$a6537$b40$c20050113$lBLL01$h0836
=CAT  \\$a6537$b40$c20070208$lBLL01$h1018
=CAT  \\$a11316$b40$c20070905$lBLL01$h1059
=FIN  \\$aY
=FMT  \\$a  SE
=LAS  \\$a11316$b40$c20070905$lBLL01$h1059
=TCO  \\$aCLA$bCLA$c008

