=LDR  01254 as a22003617a 4500
=001  012910806
=003  Uk
=005  20160905084328.0
=006  m\\\\\\\\d\|\\\\\\
=007  cr||||||||||||
=008  040505c19959999enkar\p\\\\\\\0\\\a0eng\\
=022  0\$a1478-8063
=040  \\$aUk$beng$cUk
=222  \0$aJournal of agricultural genomics$b(Online)
=245  00$aJournal of agricultural genomics.
=246  3\$aJAG
=246  1\$iVols. 1-3 are republication of:$aJournal of quantitative trait loci
=260  \\$aWallingford :$bCABI Publishing
=310  \\$aAnnual
=336  \\$atext$2rdacontent
=337  \\$acomputer$2rdamedia
=338  \\$aonline resource$2rdacarrier
=787  1\$tJournal of quantitative trait loci$x1089-2796
=856  40$uwww.cabi-publishing.org/jag/index.html
=985  \\$aISSN responsibility transferred to ISSN International Centre as part of a project to transfer all CABI titles to IC responsibility, September 2016.
=CAT  \\$a8483$b40$c20040505$lTMP01$h1612
=CAT  \\$aEXLIBRIS$c20040606$lBLL01$h1133
=CAT  \\$a6537$b40$c20060831$lBLL01$h1236
=CAT  \\$a11313$b40$c20160905$lBLL01$h0843
=FIN  \\$aY$d20060831
=FMT  \\$a  SE
=LAS  \\$a11313$b40$c20160905$lBLL01$h0843
=TCO  \\$aCLA$bCLA$c008

