=LDR  03225cas a22007577a 4500
=001  012911950
=003  Uk
=005  20221231205523.0
=007  ta
=008  040507c20009999enk\x\p\\\\\\\0\\\a0eng\\
=022  0\$a1471-2571
=040  \\$aUk$beng$cUk
=210  0\$aHIV med., Suppl.
=222  \0$aHIV medicine. Supplement
=245  00$aHIV medicine.$pSupplement.
=260  \\$aOxford :$bBlackwell Science
=310  \\$aIrregular
=336  \\$atext$2rdacontent
=337  \\$aunmediated$2rdamedia
=338  \\$avolume$2rdacarrier
=540  \\$aCurrent Copyright Fee: GBP25.00$c0$5Uk
=710  2\$aBritish HIV Association.
=710  2\$aEuropean AIDS Clinical Society.
=772  0\$tHIV medicine$c(Print)$x1464-2662
=985  \\$aISSN responsibility transferred to U.S. ISSN Center from ISSN UK Centre, Wiley, Multinational Publisher List, Summer 2017.
=985  \\$aIssues shelved with main run at 007076956
=ACF  \\$aPrevious Copyright Fee: GBP22.00$c0$e01-oct-2008$fGBP22.00$g0$hC$5Uk
=ACF  \\$aPrevious copyright fee: GBP10.50$c0$e01-jan-2011$fGBP10.50$g0$hA$5Uk
=ACF  \\$aPrevious copyright fee: GBP12.00$c0$e01-jan-2012$fGBP12.00$g0$hA$5Uk
=ACF  \\$aPrevious Copyright Fee: GBP12.30$c0$e01-jan-2014$fGBP12.30$g0$hA$5Uk
=ACF  \\$aPrevious Copyright Fee: GBP15.00$c0$e01-jan-2017$fGBP15.00$g0$hA$5Uk
=ACF  \\$aPrevious Copyright Fee: GBP17.50$c0$e01-jan-2018$fGBP17.50$g0$hA$5Uk
=ACF  \\$aPrevious Copyright Fee: GBP20.00$c0$e01-jan-2020$fGBP20.00$g0$hA$5Uk
=CAT  \\$a9604$b40$c20040507$lTMP01$h1135
=CAT  \\$a8124$b40$c20070505$lBLL01$h0930
=CAT  \\$a8124$b40$c20070505$lBLL01$h0931
=CAT  \\$aBATCH-CLA$b00$c20080829$lBLL01$h1835
=CAT  \\$aBATCH-UPD$b00$c20081001$lBLL01$h0010
=CAT  \\$aBATCH$b00$c20081001$lBLL01$h0126
=CAT  \\$aBATCH-UPD$b00$c20101201$lBLL01$h1249
=CAT  \\$aIPL-CLA$c20101231$lBLL01$h1512
=CAT  \\$aWR11_203$c20111204$lBLL01$h1508
=CAT  \\$aIPL-CLA$c20111230$lBLL01$h2018
=CAT  \\$aBATCH-CLA$b00$c20121109$lBLL01$h1731
=CAT  \\$aBATCH-CLA$c20131220$lBLL01$h2027
=CAT  \\$aIPL-CLA$c20131231$lBLL01$h2337
=CAT  \\$aBATCH-CLA$b00$c20161222$lBLL01$h1802
=CAT  \\$aIPL-CLA$c20161230$lBLL01$h2124
=CAT  \\$a10806$b40$c20171030$lBLL01$h1537
=CAT  \\$a8124$b40$c20171121$lBLL01$h0756
=CAT  \\$aBATCH-CLA$b00$c20171222$lBLL01$h2123
=CAT  \\$aIPL-CLA$c20171231$lBLL01$h1630
=CAT  \\$aBATCH-CLA$b00$c20191219$lBLL01$h1731
=CAT  \\$aIPL-CLA$c20191231$lBLL01$h1927
=CAT  \\$aR2001-1524$c20200127$lBLL01$h2004
=CAT  \\$aBATCH-CLA$b00$c20201204$lBLL01$h1531
=CAT  \\$aIPL-CLA$c20201231$lBLL01$h2150
=CAT  \\$aBATCH-CLA$b00$c20221221$lBLL01$h1839
=CAT  \\$aIPL-CLA$c20221231$lBLL01$h2055
=CFI  0\$aCurrent Copyright Fee: GBP25.00$c0$e01-jan-2023$fGBP25.00$g0$hA$5Uk
=CFI  2\$aPrevious Copyright Fee: GBP22.50$c0$e01-jan-2021$fGBP22.50$g0$hA$5Uk
=FIN  \\$aY$d20070505
=FMT  \\$a  SE
=LAS  \\$aIPL-CLA$b00$c20221231$lBLL01$h2055
=STA  \\$aSUPPRESSED$bISSN only record. Supplements part of main journal subscription and shelved with main run at system number 007076956
=TCO  \\$aCLA$bCLA$c008

