=LDR  04117cas a22008777a 4500
=001  012912550
=003  Uk
=005  20230210010219.0
=008  040507c19939999enk\x\m\\\\\\\0\\\a0eng\\
=022  \\$a1350-4037
=040  \\$aUk$beng$cUk
=210  0\$aCytopathol., Suppl.$b(Oxf.)
=222  \0$aCytopathology. Supplement$b(Oxford)
=245  00$aCytopathology.$pSupplement.
=260  \\$aOxford :$bBlackwell Pub.
=264  31$a[Chichester] :$b[John Wiley & Sons Ltd]
=310  \\$aIrregular
=336  \\$atext$2rdacontent
=337  \\$aunmediated$2rdamedia
=338  \\$avolume$2rdacarrier
=540  \\$aCurrent Copyright Fee: GBP28.00$c0$5Uk
=772  0\$tCytopathology$x0956-5507
=985  \\$aISSN responsibility transferred to US ISSN Center from ISSN UK Centre, Wiley, Multinational Publisher List, Summer 2017.
=ACF  \\$aPrevious Copyright Fee: GBP32.14$c0$e01-jul-2009$fGBP32.14$g0$hC$5Uk
=ACF  \\$aPrevious Copyright Fee: GBP32.14$c0$e01-apr-2009$fGBP32.14$g0$hC$5Uk
=ACF  \\$aPrevious Copyright Fee: GBP28.13$c0$e01-jan-2009$fGBP28.13$g0$hC$5Uk
=ACF  \\$aPrevious Copyright Fee: GBP22.50$c0$e01-oct-2008$fGBP22.50$g0$hC$5Uk
=ACF  \\$aPrevious Copyright Fee: GBP22.50$c0$e01-jul-2008$fGBP22.50$g0$hC$5Uk
=ACF  \\$aPrevious Copyright Fee: GBP22.50$c0$e01-apr-2008$fGBP22.50$g0$hC$5Uk
=ACF  \\$aPrevious Copyright Fee: GBP22.50$c0$e01-jan-2008$fGBP22.50$g0$hC$5Uk
=ACF  \\$aPrevious Copyright Fee: GBP22.50$c0$e01-oct-2007$fGBP22.50$g0$hC$5Uk
=ACF  \\$aPrevious Copyright Fee: GBP22.50$c0$e01-jul-2007$fGBP22.50$g0$hC$5Uk
=ACF  \\$aPrevious Copyright Fee: GBP23.08$c0$e01-apr-2007$fGBP23.08$g0$hC$5Uk
=ACF  \\$aPrevious Copyright Fee: GBP24.32$c0$e01-jan-2007$fGBP24.32$g0$hC$5Uk
=ACF  \\$aPrevious copyright fee: GBP10.50$c0$e01-jan-2011$fGBP10.50$g0$hA$5Uk
=ACF  \\$aPrevious copyright fee: GBP12.00$c0$e01-jan-2012$fGBP12.00$g0$hA$5Uk
=ACF  \\$aPrevious Copyright Fee: GBP12.30$c0$e01-jan-2014$fGBP12.30$g0$hA$5Uk
=ACF  \\$aPrevious Copyright Fee: GBP21.21$c0$e01-jul-2014$fGBP21.21$g0$hC$5Uk
=ACF  \\$aPrevious Copyright Fee: GBP23.33$c0$e01-apr-2015$fGBP23.33$g0$hC$5Uk
=ACF  \\$aPrevious Copyright Fee: GBP22.58$c0$e01-oct-2015$fGBP22.58$g0$hC$5Uk
=ACF  \\$aPrevious Copyright Fee: GBP24.00$c0$e01-jan-2016$fGBP24.00$g0$hC$5Uk
=ACF  \\$aPrevious Copyright Fee: GBP28.00$c0$e01-apr-2019$fGBP28.00$g0$hC$5Uk
=CAT  \\$a8128$b40$c20040507$lTMP01$h1714
=CAT  \\$aBATCH$b00$c20090401$lBLL01$h0213
=CAT  \\$aBATCH-CLA$b00$c20090529$lBLL01$h1705
=CAT  \\$aBATCH-UPD$b00$c20090701$lBLL01$h2014
=CAT  \\$aBATCH-UPD$b00$c20090701$lBLL01$h2041
=CAT  \\$aBATCH$b00$c20090701$lBLL01$h2102
=CAT  \\$aBATCH-UPD$b00$c20101201$lBLL01$h1249
=CAT  \\$aIPL-CLA$c20101231$lBLL01$h1512
=CAT  \\$aWR11_203$c20111204$lBLL01$h1508
=CAT  \\$aIPL-CLA$c20111230$lBLL01$h2018
=CAT  \\$aBATCH-CLA$b00$c20121109$lBLL01$h1731
=CAT  \\$aBATCH-CLA$c20131220$lBLL01$h2027
=CAT  \\$aIPL-CLA$c20131231$lBLL01$h2337
=CAT  \\$aBATCH-CLA$b00$c20140530$lBLL01$h1706
=CAT  \\$aIPL-CLA$c20140630$lBLL01$h1720
=CAT  \\$aBATCH-CLA$b00$c20150227$lBLL01$h1629
=CAT  \\$aIPL-CLA$c20150331$lBLL01$h1635
=CAT  \\$aBATCH-CLA$b00$c20150828$lBLL01$h1541
=CAT  \\$aIPL-CLA$c20150930$lBLL01$h1802
=CAT  \\$aBATCH-CLA$b00$c20151127$lBLL01$h1628
=CAT  \\$aIPL-CLA$c20151231$lBLL01$h1920
=CAT  \\$a11313$b40$c20180108$lBLL01$h0844
=CAT  \\$aBATCH-CLA$b00$c20190228$lBLL01$h1623
=CAT  \\$aIPL-CLA$c20190331$lBLL01$h1725
=CAT  \\$aBATCH-CLA$b00$c20221130$lBLL01$h1439
=CAT  \\$aIPL-CLA$c20221231$lBLL01$h2055
=CAT  \\$aBATCH-CLA$b00$c20230209$lBLL01$h1527
=CAT  \\$aIPL-CLA$c20230210$lBLL01$h0102
=CFI  0\$aCurrent Copyright Fee: GBP28.00$c0$e09-feb-2023$fGBP28.00$g0$hC$5Uk
=CFI  2\$aBritish Library not licensed to copy$c0$e01-jan-2023$hC$iCFP Excluded$5Uk
=FIN  \\$aY$d20050219
=FMT  \\$a  SE
=LAS  \\$aIPL-CLA$b00$c20230210$lBLL01$h0102
=TCO  \\$aCLA$bCLA$c008

