=LDR  04641cas a22009617a 4500
=001  012912909
=003  Uk
=005  20230210010220.0
=007  ta
=008  040510c199u9999enk\x\p\\\\\\\0\\\a0eng\\
=022  0\$a1461-1244
=040  \\$aUk$beng$cUk
=082  04$a616.5$222
=210  0\$aInt. j. dermatol. Suppl.
=222  \0$aInternational journal of dermatology. Supplement
=245  00$aInternational journal of dermatology.$pSupplement.
=260  \\$aOxford :$bBlackwell Science
=310  \\$aIrregular
=336  \\$atext$2rdacontent
=337  \\$aunmediated$2rdamedia
=338  \\$avolume$2rdacarrier
=540  \\$aCurrent Copyright Fee: GBP28.00$c0$5Uk
=710  2\$aInternational Society of Dermatology.
=772  0\$tInternational journal of dermatology$x0011-9059
=985  \\$aISSN responsibility transferred to U.S. ISSN Center from ISSN UK Centre, Wiley, Multinational Publisher List, Summer 2017.
=ACF  \\$aPrevious Copyright Fee: GBP22.60$c0$e01-apr-2012$fGBP22.60$g0$hC$5Uk
=ACF  \\$aPrevious Copyright Fee: GBP22.60$c0$e01-jan-2012$fGBP22.60$g0$hC$5Uk
=ACF  \\$aPrevious Copyright Fee: GBP22.60$c0$e01-oct-2011$fGBP22.60$g0$hC$5Uk
=ACF  \\$aPrevious Copyright Fee: GBP22.60$c0$e01-jul-2011$fGBP22.60$g0$hC$5Uk
=ACF  \\$aPrevious Copyright Fee: GBP22.60$c0$e01-apr-2011$fGBP22.60$g0$hC$5Uk
=ACF  \\$aPrevious copyright fee: GBP10.50$c0$e01-jan-2011$fGBP10.50$g0$hA$5Uk
=ACF  \\$aPrevious Copyright Fee: GBP32.14$c0$e01-jul-2009$fGBP32.14$g0$hC$5Uk
=ACF  \\$aPrevious Copyright Fee: GBP32.14$c0$e01-apr-2009$fGBP32.14$g0$hC$5Uk
=ACF  \\$aPrevious Copyright Fee: GBP28.13$c0$e01-jan-2009$fGBP28.13$g0$hC$5Uk
=ACF  \\$aPrevious Copyright Fee: GBP22.50$c0$e01-oct-2008$fGBP22.50$g0$hC$5Uk
=ACF  \\$aPrevious Copyright Fee: GBP22.50$c0$e01-jul-2008$fGBP22.50$g0$hC$5Uk
=ACF  \\$aPrevious Copyright Fee: GBP22.50$c0$e01-apr-2008$fGBP22.50$g0$hC$5Uk
=ACF  \\$aPrevious Copyright Fee: GBP22.50$c0$e01-jan-2008$fGBP22.50$g0$hC$5Uk
=ACF  \\$aPrevious Copyright Fee: GBP22.50$c0$e01-oct-2007$fGBP22.50$g0$hC$5Uk
=ACF  \\$aPrevious Copyright Fee: GBP22.50$c0$e01-jul-2007$fGBP22.50$g0$hC$5Uk
=ACF  \\$aPrevious Copyright Fee: GBP23.08$c0$e01-apr-2007$fGBP23.08$g0$hC$5Uk
=ACF  \\$aPrevious Copyright Fee: GBP24.32$c0$e01-jan-2007$fGBP24.32$g0$hC$5Uk
=ACF  \\$aPrevious Copyright Fee: GBP22.60$c0$e01-jul-2012$fGBP22.60$g0$hC$5Uk
=ACF  \\$aPrevious Copyright Fee: GBP22.60$c0$e01-oct-2012$fGBP22.60$g0$hC$5Uk
=ACF  \\$aPrevious Copyright Fee: GBP12.00$c0$e01-jan-2013$fGBP12.00$g0$hC$5Uk
=ACF  \\$aPrevious Copyright Fee: GBP22.60$c0$e01-jan-2014$fGBP22.60$g0$hC$5Uk
=ACF  \\$aPrevious Copyright Fee: GBP22.00$c0$e01-apr-2014$fGBP22.00$g0$hC$5Uk
=ACF  \\$aPrevious Copyright Fee: GBP24.00$c0$e01-oct-2015$fGBP24.00$g0$hC$5Uk
=ACF  \\$aPrevious Copyright Fee: GBP28.00$c0$e01-apr-2019$fGBP28.00$g0$hC$5Uk
=CAT  \\$a3072$b40$c20040510$lTMP01$h1107
=CAT  \\$aBATCH-CLA$b00$c20110831$lBLL01$h1754
=CAT  \\$aIPL-CLA$c20110930$lBLL01$h1548
=CAT  \\$aBATCH-CLA$b00$c20111130$lBLL01$h1202
=CAT  \\$aIPL-CLA$c20111230$lBLL01$h2018
=CAT  \\$aBATCH-CLA$b00$c20120229$lBLL01$h1622
=CAT  \\$aIPL-CLA$c20120330$lBLL01$h1435
=CAT  \\$aBATCH-CLA$b00$c20120531$lBLL01$h1711
=CAT  \\$aIPL-CLA$c20120629$lBLL01$h1033
=CAT  \\$aBATCH-CLA$b00$c20120831$lBLL01$h1536
=CAT  \\$aIPL-CLA$c20120930$lBLL01$h2118
=CAT  \\$aBATCH-CLA$b00$c20121109$lBLL01$h1731
=CAT  \\$aBATCH-CLA$b00$c20121130$lBLL01$h1245
=CAT  \\$aIPL-CLA$c20121231$lBLL01$h1311
=CAT  \\$aIPL-CLA$c20130102$lBLL01$h1730
=CAT  \\$aBATCH-CLA$b00$c20131129$lBLL01$h1649
=CAT  \\$aIPL-CLA$c20131231$lBLL01$h2337
=CAT  \\$aBATCH-CLA$b00$c20140228$lBLL01$h1612
=CAT  \\$aIPL-CLA$c20140331$lBLL01$h1626
=CAT  \\$aBATCH-CLA$b00$c20150828$lBLL01$h1541
=CAT  \\$aIPL-CLA$c20150930$lBLL01$h1802
=CAT  \\$a10806$b40$c20171208$lBLL01$h1606
=CAT  \\$aBATCH-CLA$b00$c20190228$lBLL01$h1623
=CAT  \\$aIPL-CLA$c20190331$lBLL01$h1725
=CAT  \\$aBATCH-CLA$b00$c20221130$lBLL01$h1432
=CAT  \\$aIPL-CLA$c20221231$lBLL01$h2055
=CAT  \\$aBATCH-CLA$b00$c20230209$lBLL01$h1519
=CAT  \\$aIPL-CLA$c20230210$lBLL01$h0102
=CFI  0\$aCurrent Copyright Fee: GBP28.00$c0$e09-feb-2023$fGBP28.00$g0$hC$5Uk
=CFI  2\$aBritish Library not licensed to copy$c0$e01-jan-2023$hC$iCFP Excluded$5Uk
=FIN  \\$aY$d20070317
=FMT  \\$a  SE
=LAS  \\$aIPL-CLA$b00$c20230210$lBLL01$h0102
=TCO  \\$aCLA$bCLA$c008

