=LDR  00862 as a22002658a 4500
=001  012913251
=003  Uk
=005  20070403085830.0
=008  040510c\\\\9999xxk\|\\\\\\\\\0\\\a0eng\\
=022  \\$a0968-3143
=040  \\$aUk$beng$cUk
=222  \0$aIntertrade Europe
=245  00$aIntertrade Europe.
=260  \\$aHong Kong :$bAshburn Sellers Publishing Group
=336  \\$atext$2rdacontent
=337  \\$aunmediated$2rdamedia
=338  \\$avolume$2rdacarrier
=985  \\$aISSN UK Centre - ISSN Responsibility transferred to ISSN International Centre on 02/04/07 - (published in Hong Kong)
=CAT  \\$a9604$b40$c20040510$lTMP01$h1328
=CAT  \\$aEXLIBRIS$c20040606$lBLL01$h1133
=CAT  \\$a11316$b40$c20070330$lBLL01$h1520
=CAT  \\$a11316$b40$c20070403$lBLL01$h0858
=FMT  \\$a  SE
=LAS  \\$a11316$b40$c20070403$lBLL01$h0858
=TCO  \\$aCLA$bCLA$c008

