=LDR  04552cas a22009377i 4500
=001  012914329
=003  Uk
=005  20230210010223.0
=007  ta
=008  040511c19999999enk\x\p\\\\\\\0\\\a0eng\\
=022  0\$a1468-179X
=040  \\$aUk$beng$cUk$erda
=210  0\$aInt. j. paediatr. dent., Suppl.
=222  \0$aInternational journal of paediatric dentistry. Supplement
=245  00$aInternational journal of paediatric dentistry.$pSupplement.
=264  \1$aChichester :$bWiley-Blackwell
=310  \\$aIrregular
=336  \\$atext$2rdacontent
=337  \\$aunmediated$2rdamedia
=338  \\$avolume$2rdacarrier
=540  \\$aCurrent Copyright Fee: GBP28.00$c0$5Uk
=588  \\$aDescription based on: volume 22, supplement 2 (September 2012).
=710  2\$aBritish Society of Paediatric Dentistry.
=772  0\$tInternational journal of paediatric dentistry$x0960-7439
=985  \\$aISSN responsibility transferred to U.S. ISSN Center from ISSN UK Centre, Wiley, Multinational Publisher List, Summer 2017.
=ACF  \\$aPrevious Copyright Fee: GBP32.14$c0$e01-jul-2009$fGBP32.14$g0$hC$5Uk
=ACF  \\$aPrevious Copyright Fee: GBP32.14$c0$e01-apr-2009$fGBP32.14$g0$hC$5Uk
=ACF  \\$aPrevious Copyright Fee: GBP28.13$c0$e01-jan-2009$fGBP28.13$g0$hC$5Uk
=ACF  \\$aPrevious Copyright Fee: GBP22.50$c0$e01-oct-2008$fGBP22.50$g0$hC$5Uk
=ACF  \\$aPrevious Copyright Fee: GBP22.50$c0$e01-jul-2008$fGBP22.50$g0$hC$5Uk
=ACF  \\$aPrevious Copyright Fee: GBP22.50$c0$e01-apr-2008$fGBP22.50$g0$hC$5Uk
=ACF  \\$aPrevious Copyright Fee: GBP22.50$c0$e01-jan-2008$fGBP22.50$g0$hC$5Uk
=ACF  \\$aPrevious Copyright Fee: GBP22.50$c0$e01-oct-2007$fGBP22.50$g0$hC$5Uk
=ACF  \\$aPrevious Copyright Fee: GBP22.50$c0$e01-jul-2007$fGBP22.50$g0$hC$5Uk
=ACF  \\$aPrevious Copyright Fee: GBP23.08$c0$e01-apr-2007$fGBP23.08$g0$hC$5Uk
=ACF  \\$aPrevious Copyright Fee: GBP24.32$c0$e01-jan-2007$fGBP24.32$g0$hC$5Uk
=ACF  \\$aPrevious copyright fee: GBP10.50$c0$e01-jan-2011$fGBP10.50$g0$hA$5Uk
=ACF  \\$aPrevious copyright fee: GBP12.00$c0$e01-jan-2012$fGBP12.00$g0$hA$5Uk
=ACF  \\$aPrevious Copyright Fee: GBP12.30$c0$e01-jan-2014$fGBP12.30$g0$hA$5Uk
=ACF  \\$aPrevious Copyright Fee: GBP21.21$c0$e01-jul-2014$fGBP21.21$g0$hC$5Uk
=ACF  \\$aPrevious Copyright Fee: GBP23.33$c0$e01-apr-2015$fGBP23.33$g0$hC$5Uk
=ACF  \\$aPrevious Copyright Fee: GBP22.58$c0$e01-oct-2015$fGBP22.58$g0$hC$5Uk
=ACF  \\$aBritish Library not licensed to copy$c0$e01-jan-2016$hC$iCFP Excluded$5Uk
=ACF  \\$aPrevious Copyright Fee: GBP24.14$c0$e01-apr-2016$fGBP24.14$g0$hC$5Uk
=ACF  \\$aPrevious Copyright Fee: GBP24.00$c0$e01-jul-2016$fGBP24.00$g0$hC$5Uk
=ACF  \\$aPrevious Copyright Fee: GBP28.00$c0$e01-apr-2019$fGBP28.00$g0$hC$5Uk
=CAT  \\$a3072$b40$c20040511$lTMP01$h1212
=CAT  \\$aIPL-CLA$c20101231$lBLL01$h1512
=CAT  \\$aWR11_203$c20111204$lBLL01$h1508
=CAT  \\$aIPL-CLA$c20111230$lBLL01$h2018
=CAT  \\$aBATCH-CLA$b00$c20121109$lBLL01$h1731
=CAT  \\$aBATCH-CLA$c20131220$lBLL01$h2027
=CAT  \\$aIPL-CLA$c20131231$lBLL01$h2337
=CAT  \\$aBATCH-CLA$b00$c20140530$lBLL01$h1707
=CAT  \\$aIPL-CLA$c20140630$lBLL01$h1720
=CAT  \\$aBATCH-CLA$b00$c20150227$lBLL01$h1630
=CAT  \\$aIPL-CLA$c20150331$lBLL01$h1635
=CAT  \\$aBATCH-CLA$b00$c20150828$lBLL01$h1542
=CAT  \\$aIPL-CLA$c20150930$lBLL01$h1802
=CAT  \\$aBATCH-CLA$b00$c20151127$lBLL01$h1630
=CAT  \\$aIPL-CLA$c20151231$lBLL01$h1920
=CAT  \\$aBATCH-CLA$b00$c20160229$lBLL01$h1613
=CAT  \\$aIPL-CLA$c20160331$lBLL01$h1723
=CAT  \\$aBATCH-CLA$b00$c20160531$lBLL01$h1619
=CAT  \\$aIPL-CLA$c20160630$lBLL01$h1605
=CAT  \\$a10806$b40$c20171214$lBLL01$h1451
=CAT  \\$a10806$b40$c20171214$lBLL01$h1452
=CAT  \\$a10973$b40$c20180313$lBLL01$h1409
=CAT  \\$aBATCH-CLA$b00$c20190228$lBLL01$h1623
=CAT  \\$aIPL-CLA$c20190331$lBLL01$h1725
=CAT  \\$aBATCH-CLA$b00$c20221130$lBLL01$h1454
=CAT  \\$aIPL-CLA$c20221231$lBLL01$h2055
=CAT  \\$aBATCH-CLA$b00$c20230209$lBLL01$h1541
=CAT  \\$aIPL-CLA$c20230210$lBLL01$h0102
=CFI  0\$aCurrent Copyright Fee: GBP28.00$c0$e09-feb-2023$fGBP28.00$g0$hC$5Uk
=CFI  2\$aBritish Library not licensed to copy$c0$e01-jan-2023$hC$iCFP Excluded$5Uk
=FIN  \\$aY$d20171214
=FMT  \\$a  SE
=LAS  \\$aIPL-CLA$b00$c20230210$lBLL01$h0102
=LET  \0$aInternational journal of paediatric dentistry. Supplement
=TCO  \\$aCLA$bCLA$c008

