=LDR  05582cas a22010218a 4500
=001  012914636
=003  Uk
=005  20211231171712.0
=008  040511c\\\\9999xxk\|\\\\\\\\\0\\\a0eng\\
=022  \\$a1369-9350
=040  \\$aUk$beng$cUk
=222  \0$aMarine models
=245  00$aMarine models.
=336  \\$atext$2rdacontent
=337  \\$aunmediated$2rdamedia
=338  \\$avolume$2rdacarrier
=540  \\$aCurrent copyright fee: GBP34.30$c5\1$5Uk
=856  \\$31850-9999$uhttp://www.sciencedirect.com/$xBLDSS
=985  \\$aISSN responsibility transferred to the Netherlands ISSN Centre Oct. 2007 (Multinational Publisher Agreement).
=985  \\$aActual title on print version is "Marine models online". (Vol. 1, issue 1-4 (1999) seen. This is described as a "multidisciplinary journal" available in print (with CD attachments), and on the internet (including downloadable programs). Both versions entitled "Marine models online".
=ACF  \\$aPrevious Copyright Fee: GBP21.00$c0$e01-apr-2012$fGBP21.00$g0$hC$5Uk
=ACF  \\$aPrevious Copyright Fee: GBP21.00$c0$e01-jan-2012$fGBP21.00$g0$hC$5Uk
=ACF  \\$aPrevious Copyright Fee: GBP20.00$c0$e01-oct-2011$fGBP20.00$g0$hC$5Uk
=ACF  \\$aPrevious Copyright Fee: GBP20.00$c0$e01-jul-2011$fGBP20.00$g0$hC$5Uk
=ACF  \\$aPrevious Copyright Fee: GBP20.00$c0$e01-apr-2011$fGBP20.00$g0$hC$5Uk
=ACF  \\$aPrevious Copyright Fee: GBP20.00$c0$e01-jan-2011$fGBP20.00$g0$hC$5Uk
=ACF  \\$aPrevious Copyright Fee: GBP20.00$c0$e01-oct-2010$fGBP20.00$g0$hC$5Uk
=ACF  \\$aPrevious Copyright Fee: GBP20.00$c0$e01-jul-2010$fGBP20.00$g0$hC$5Uk
=ACF  \\$aPrevious Copyright Fee: GBP20.00$c0$e01-apr-2010$fGBP20.00$g0$hC$5Uk
=ACF  \\$aPrevious Copyright Fee: GBP20.00$c0$e01-Jan-2010$fGBP20.00$g0$hC$5Uk
=ACF  \\$aPrevious Copyright Fee: GBP20.00$c0$e01-oct-2009$fGBP20.00$g0$hC$5Uk
=ACF  \\$aPrevious Copyright Fee: GBP20.00$c0$e01-jul-2009$fGBP20.00$g0$hC$5Uk
=ACF  \\$aPrevious Copyright Fee: GBP20.00$c0$e01-apr-2009$fGBP20.00$g0$hC$5Uk
=ACF  \\$aPrevious Copyright Fee: GBP20.00$c0$e01-jan-2009$fGBP20.00$g0$hC$5Uk
=ACF  \\$aPrevious Copyright Fee: GBP19.00$c0$e01-oct-2008$fGBP19.00$g0$hC$5Uk
=ACF  \\$aPrevious Copyright Fee: GBP19.00$c0$e01-jul-2008$fGBP19.00$g0$hC$5Uk
=ACF  \\$aPrevious Copyright Fee: GBP19.00$c0$e01-apr-2008$fGBP19.00$g0$hC$5Uk
=ACF  \\$aPrevious Copyright Fee: GBP19.00$c0$e01-jan-2008$fGBP19.00$g0$hC$5Uk
=ACF  \\$aPrevious Copyright Fee: GBP18.00$c0$e01-oct-2007$fGBP18.00$g0$hC$5Uk
=ACF  \\$aPrevious Copyright Fee: GBP18.00$c0$e01-jul-2007$fGBP18.00$g0$hC$5Uk
=ACF  \\$aPrevious Copyright Fee: GBP18.00$c0$e01-apr-2007$fGBP18.00$g0$hC$5Uk
=ACF  \\$aPrevious Copyright Fee: GBP18.00$c0$e01-jan-2007$fGBP18.00$g0$hC$5Uk
=ACF  \\$aPrevious Copyright Fee: GBP18.00$c0$e01-oct-2006$fGBP18.00$g0$hC$5Uk
=ACF  \\$aPrevious Copyright Fee: GBP18.00$c0$e01-jul-2006$fGBP18.00$g0$hC$5Uk
=ACF  \\$aPrevious Copyright Fee: GBP18.00$c0$e01-apr-2006$fGBP18.00$g0$hC$5Uk
=ACF  \\$aPrevious Copyright Fee: GBP16.67$c0$e01-jan-2006$fGBP16.67$g0$hC$5Uk
=ACF  \\$aPrevious Copyright Fee: GBP16.22$c0$e01-oct-2005$fGBP16.22$g0$hC$5Uk
=ACF  \\$aPrevious Copyright Fee: GBP16.22$c0$e01-jul-2005$fGBP16.22$g0$hC$5Uk
=ACF  \\$aPrevious Copyright Fee: GBP16.22$c0$e01-apr-2005$fGBP16.22$g0$hC$5Uk
=ACF  \\$aPrevious Copyright Fee: GBP16.67$c0$e01-jan-2005$fGBP16.67$g0$hC$5Uk
=ACF  \\$aPrevious Copyright Fee: GBP16.22$c0$e01-oct-2004$fGBP16.22$g0$hC$5Uk
=ACF  \\$aPrevious Copyright Fee: GBP21.00$c0$e01-jul-2012$fGBP21.00$g0$hC$5Uk
=ACF  \\$aPrevious Copyright Fee: GBP22.50$c0$e01-jan-2016$fGBP22.50$g0$hC$5Uk
=ACF  \\$aPrevious Copyright Fee: GBP21.00$c0$e01-oct-2012$fGBP21.00$g0$hC$5Uk
=ACF  \\$aPrevious Copyright Fee: GBP22.50$c5\1$e22-sep-2016$fGBP22.50$g0$hP$5Uk
=ACF  \\$aPrevious copyright fee: GBP23.40$c5\1$e01-jan-2018$fGBP23.40$g0$hP$5Uk
=CAT  \\$a9604$b40$c20040511$lTMP01$h1400
=CAT  \\$aIPL-CLA$c20110331$lBLL01$h1504
=CAT  \\$aBATCH-CLA$b00$c20110531$lBLL01$h1647
=CAT  \\$aIPL-CLA$c20110630$lBLL01$h1543
=CAT  \\$aBATCH-CLA$b00$c20110831$lBLL01$h1812
=CAT  \\$aIPL-CLA$c20110930$lBLL01$h1548
=CAT  \\$aBATCH-CLA$b00$c20111130$lBLL01$h1219
=CAT  \\$aIPL-CLA$c20111230$lBLL01$h2018
=CAT  \\$aBATCH-CLA$b00$c20120229$lBLL01$h1632
=CAT  \\$aIPL-CLA$c20120330$lBLL01$h1435
=CAT  \\$aBATCH-CLA$b00$c20120531$lBLL01$h1724
=CAT  \\$aIPL-CLA$c20120629$lBLL01$h1033
=CAT  \\$aBATCH-CLA$b00$c20120831$lBLL01$h1546
=CAT  \\$aIPL-CLA$c20120930$lBLL01$h2119
=CAT  \\$aBATCH-CLA$b00$c20121109$lBLL01$h1731
=CAT  \\$aBATCH-CLA$b00$c20151127$lBLL01$h1630
=CAT  \\$aIPL-CLA$c20151231$lBLL01$h1920
=CAT  \\$a5552$b40$c20160922$lBLL01$h1222
=CAT  \\$aBLDSS-3PM$b00$c20160927$lBLL01$h1707
=CAT  \\$aBATCH-UPD$b00$c20160927$lBLL01$h1717
=CAT  \\$aBATCH-UPD$b00$c20171121$lBLL01$h1743
=CAT  \\$aIPL-CLA$c20171231$lBLL01$h1630
=CAT  \\$aBATCH-UPD$b00$c20190521$lBLL01$h1435
=CAT  \\$aIPL-CLA$c20190630$lBLL01$h1532
=CAT  \\$aBATCH-UPD$b00$c20211119$lBLL01$h1553
=CAT  \\$aIPL-CLA$c20211231$lBLL01$h1717
=CFI  0\$aCurrent copyright fee: GBP34.30$c5\1$e01-jan-2022$fGBP34.30$g0$hP$5Uk
=CFI  2\$aPrevious copyright fee: GBP32.84$c5\1$e01-jul-2019$fGBP32.84$g0$hP$5Uk
=FFP  \\$aY$bBLDSS-3PM
=FMT  \\$a  SE
=LAS  \\$aIPL-CLA$b00$c20211231$lBLL01$h1717
=TCO  \\$aCLA$bCLA$c008

