=LDR  01345 as a22003977a 4500
=001  012914655
=003  Uk
=005  20131212110124.0
=006  m\\\\\\\\d\|\\\\\\
=007  cr||||||||||||
=008  040511c20009999au\tr\p\s\\\\\0\\\a0eng\\
=022  0\$a1469-8498
=040  \\$aUk$beng$cUk
=222  \0$aInternational journal of psychotherapy$b(Online)
=245  00$aInternational journal of psychotherapy.
=260  \\$aAbingdon :$bRoutledge
=264  31$aVienna, Austria :$bEuropean Association for Psychotherapy
=336  \\$atext$2rdacontent
=337  \\$acomputer$2rdamedia
=338  \\$aonline resource$2rdacarrier
=776  0\$tInternational journal of psychotherapy$x1356-9082
=856  40$uhttp://www.ingentaconnect.com/content/routledg/cijp
=856  40$uhttp://www.ijp.org.uk/
=985  \\$aISSN responsibility transferred to International Centre 12.12.13.
=CAT  \\$a3072$b40$c20040511$lTMP01$h1406
=CAT  \\$c20050930$lBLL01$h2142
=CAT  \\$c20050930$lBLL01$h2257
=CAT  \\$c20050930$lBLL01$h0012
=CAT  \\$aBATCH-CLA$b00$c20051130$lBLL01$h1731
=CAT  \\$a6537$b40$c20051212$lBLL01$h1148
=CAT  \\$a6537$b40$c20051212$lBLL01$h1152
=CAT  \\$a10973$b40$c20131212$lBLL01$h1101
=FIN  \\$aY$d20051212
=FMT  \\$a  SE
=LAS  \\$a10973$b40$c20131212$lBLL01$h1101
=TCO  \\$aCLA$bCLA$c008

