=LDR  01074 as a22003258a 4500
=001  012917344
=003  Uk
=005  20070629124939.0
=008  040514c20069999enkfr\p\\\\\\\0\\\a0eng\\
=022  0\$a1744-1668
=040  \\$aUk$beng$cUk
=222  \0$aAsperger's syndrome$b(Print)
=245  00$aAsperger's syndrome (Print).
=260  \\$aAbingdon :$bTaylor & Francis.
=263  \\$a200602
=310  \\$aTwo issues yearly
=336  \\$atext$2rdacontent
=337  \\$aunmediated$2rdamedia
=338  \\$avolume$2rdacarrier
=776  0\$tAsperger's syndrome$c(Online)$x1744-1676
=985  \\$aISSN responsibility transferred to the United States ISSN Centre June 2007 (Multinational Publisher Agreement).
=CAT  \\$a11194$b40$c20040514$lTMP01$h1322
=CAT  \\$a11194$b40$c20040514$lTMP01$h1329
=CAT  \\$a11316$b40$c20040514$lTMP01$h1459
=CAT  \\$aEXLIBRIS$c20040606$lBLL01$h1134
=CAT  \\$a6971$b40$c20060605$lBLL01$h1107
=CAT  \\$a11316$b40$c20070629$lBLL01$h1249
=FMT  \\$a  SE
=LAS  \\$a11316$b40$c20070629$lBLL01$h1249
=TCO  \\$aCLA$bCLA$c008

