=LDR  01140 as a22003498a 4500
=001  012917345
=003  Uk
=005  20070629125019.0
=006  m\\\\\\\\d\|\\\\\\
=007  cr||||||||||||
=008  040514c20069999enkfr\p\s\\\\\0\\\a0eng\\
=022  0\$a1744-1676
=040  \\$aUk$beng$cUk
=222  \0$aAsperger's syndrome$b(Online)
=245  00$aAsperger's syndrome (Online).
=260  \\$aAbingdon :$bTaylor & Francis.
=263  \\$a200812
=310  \\$aTwo issues yearly
=336  \\$atext$2rdacontent
=337  \\$acomputer$2rdamedia
=338  \\$aonline resource$2rdacarrier
=776  0\$tAsperger's syndrome$c(Print)$x1744-1668
=985  \\$aISSN responsibility transferred to the United States ISSN Centre June 2007 (Multinational Publisher Agreement).
=CAT  \\$a11194$b40$c20040514$lTMP01$h1327
=CAT  \\$a11316$b40$c20040514$lTMP01$h1502
=CAT  \\$aEXLIBRIS$c20040606$lBLL01$h1134
=CAT  \\$a6971$b40$c20060605$lBLL01$h1108
=CAT  \\$a11316$b40$c20070618$lBLL01$h1546
=CAT  \\$a11316$b40$c20070629$lBLL01$h1250
=FMT  \\$a  SE
=LAS  \\$a11316$b40$c20070629$lBLL01$h1250
=TCO  \\$aCLA$bCLA$c008

