=LDR  04626 as a22008778a 4500
=001  012918453
=003  Uk
=005  20091229101946.0
=008  040518c\\\\9999xxk\|\\\\\\\\\0\\\a0eng\\
=022  \\$a1477-2701$202
=040  \\$aUk$beng$cUk
=222  \0$aPharmacy education$b(Online)
=245  00$aPharmacy education.
=336  \\$atext$2rdacontent
=337  \\$aunmediated$2rdamedia
=338  \\$avolume$2rdacarrier
=540  \\$aCurrent Copyright Fee: GBP29.37$c0$5Uk
=985  \\$aISSN responsibility transferred to the ISSN International Centre. Published from 2008 by International Pharmaceutical Federation (previously Informa). Pending file missing. 29/12/09
=ACF  \\$aPrevious Copyright Fee: GBP29.37$c0$e01-apr-2011$fGBP29.37$g0$hC$5Uk
=ACF  \\$aPrevious Copyright Fee: GBP29.37$c0$e01-jan-2011$fGBP29.37$g0$hC$5Uk
=ACF  \\$aPrevious Copyright Fee: GBP29.37$c0$e01-oct-2010$fGBP29.37$g0$hC$5Uk
=ACF  \\$aPrevious Copyright Fee: GBP29.37$c0$e01-jul-2010$fGBP29.37$g0$hC$5Uk
=ACF  \\$aPrevious Copyright Fee: GBP29.37$c0$e01-apr-2010$fGBP29.37$g0$hC$5Uk
=ACF  \\$aPrevious Copyright Fee: GBP29.37$c0$e01-Jan-2010$fGBP29.37$g0$hC$5Uk
=ACF  \\$aPrevious Copyright Fee: GBP29.37$c0$e01-oct-2009$fGBP29.37$g0$hC$5Uk
=ACF  \\$aBritish Library not licensed to copy$c0$e01-jul-2009$hC$iCLA Excluded$5Uk
=ACF  \\$aBritish Library not licensed to copy$c0$e01-apr-2009$hC$iCLA Excluded$5Uk
=ACF  \\$aBritish Library not licensed to copy$c0$e01-jan-2009$hC$iCLA Excluded$5Uk
=ACF  \\$aBritish Library not licensed to copy$c0$e01-oct-2008$hC$iCLA Excluded$5Uk
=ACF  \\$aBritish Library not licensed to copy$c0$e01-jul-2008$hC$iCLA Excluded$5Uk
=ACF  \\$aBritish Library not licensed to copy$c0$e01-apr-2008$hC$iCLA Excluded$5Uk
=ACF  \\$aBritish Library not licensed to copy$c0$e01-jan-2008$hC$iCLA Excluded$5Uk
=ACF  \\$aBritish Library not licensed to copy$c0$e01-oct-2007$hC$iCLA Excluded$5Uk
=ACF  \\$aBritish Library not licensed to copy$c0$e01-jul-2007$hC$iCLA Excluded$5Uk
=ACF  \\$aBritish Library not licensed to copy$c0$e01-apr-2007$hC$iCLA Excluded$5Uk
=ACF  \\$aBritish Library not licensed to copy$c0$e01-jan-2007$hC$iCLA Excluded$5Uk
=ACF  \\$aBritish Library not licensed to copy$c0$e01-oct-2006$hC$iCLA Excluded$5Uk
=ACF  \\$aBritish Library not licensed to copy$c0$e01-jul-2006$hC$iCLA Excluded$5Uk
=ACF  \\$aBritish Library not licensed to copy$c0$e01-apr-2006$hC$iCLA Excluded$5Uk
=ACF  \\$aBritish Library not licensed to copy$c0$e01-jan-2006$hC$iCLA Excluded$5Uk
=ACF  \\$aBritish Library not licensed to copy$c0$e01-oct-2005$hC$iCLA Excluded$5Uk
=ACF  \\$aBritish Library not licensed to copy$c0$e01-jul-2005$hC$iCLA Excluded$5Uk
=ACF  \\$aBritish Library not licensed to copy$c0$e01-apr-2005$hC$iCLA Excluded$5Uk
=ACF  \\$aBritish Library not licensed to copy$c0$e01-jan-2005$hC$iCLA Excluded$5Uk
=ACF  \\$aPrevious Copyright Fee: GBP11.89$c0$e01-oct-2004$fGBP11.89$g0$hC$5Uk
=CAT  \\$a6537$b40$c20040518$lTMP01$h0841
=CAT  \\$aBATCH-CLA$b00$c20091130$lBLL01$h1614
=CAT  \\$a11316$b40$c20091229$lBLL01$h1019
=CAT  \\$aBATCH-UPD$b40$c20091231$lBLL01$h1809
=CAT  \\$aBATCH-UPD$b40$c20091231$lBLL01$h1830
=CAT  \\$aBATCH$b00$c20091231$lBLL01$h1850
=CAT  \\$aBATCH-CLA$b00$c20100224$lBLL01$h1159
=CAT  \\$aBATCH-UPD$b00$c20100331$lBLL01$h2332
=CAT  \\$aBATCH-UPD$b00$c20100401$lBLL01$h0251
=CAT  \\$aBATCH$b00$c20100401$lBLL01$h0555
=CAT  \\$aBATCH$b00$c20100401$lBLL01$h1627
=CAT  \\$aBATCH-CLA$b00$c20100602$lBLL01$h1403
=CAT  \\$aBATCH-UPD$b00$c20100630$lBLL01$h1933
=CAT  \\$aBATCH-UPD$b00$c20100630$lBLL01$h2001
=CAT  \\$aIPL-CLA$c20100630$lBLL01$h2029
=CAT  \\$aBATCH-CLA$b00$c20100831$lBLL01$h1531
=CAT  \\$aIPL-CLA$c20100930$lBLL01$h1526
=CAT  \\$aBATCH-CLA$b00$c20101115$lBLL01$h1615
=CAT  \\$aIPL-CLA$c20101231$lBLL01$h1512
=CAT  \\$aBATCH-CLA$b00$c20110228$lBLL01$h1548
=CAT  \\$aIPL-CLA$c20110331$lBLL01$h1504
=CAT  \\$aBATCH-CLA$b00$c20110531$lBLL01$h1650
=CAT  \\$aIPL-CLA$c20110630$lBLL01$h1544
=CAT  \\$aBATCH-CLA$b00$c20110831$lBLL01$h1811
=CAT  \\$aIPL-CLA$c20110930$lBLL01$h1548
=CAT  \\$aBATCH-CLA$b00$c20121109$lBLL01$h1731
=CFI  0\$aCurrent Copyright Fee: GBP29.37$c0$e01-oct-2011$fGBP29.37$g0$hC$5Uk
=CFI  2\$aPrevious Copyright Fee: GBP29.37$c0$e01-jul-2011$fGBP29.37$g0$hC$5Uk
=FMT  \\$a  SE
=LAS  \\$aBATCH-CLA$b00$c20121109$lBLL01$h1731
=TCO  \\$aCLA$bCLA$c008

