=LDR  01032 as a22003257a 4500
=001  012918653
=003  Uk
=005  20160905082257.0
=006  m\\\\\\\\d\|\\\\\\
=007  co||||||||||||
=008  040518c20009999enkar\p\s\\\\\0\\\a0eng\\
=022  \\$a1470-9635
=040  \\$aUk$beng$cUk
=222  \0$aOrganic Farming CD$b(CD ROM)
=245  00$aOrganic Farming CD.
=246  13$aOrganicfarmingCD
=260  \\$aOxford :$bCAB Publishing
=310  \\$aAnnual
=336  \\$atext$2rdacontent
=337  \\$acomputer$2rdamedia
=338  \\$acomputer disc$2rdacarrier
=985  \\$aISSN responsibility transferred to ISSN International Centre as part of a project to transfer all CABI titles to IC responsibility, September 2016.
=CAT  \\$a11439$b40$c20040518$lTMP01$h1052
=CAT  \\$aEXLIBRIS$c20040606$lBLL01$h1134
=CAT  \\$a11439$b40$c20070120$lBLL01$h1038
=CAT  \\$a11313$b40$c20160905$lBLL01$h0822
=FIN  \\$aY$d20070120
=FMT  \\$a  SE
=LAS  \\$a11313$b40$c20160905$lBLL01$h0822
=TCO  \\$aCLA$bCLA$c008

