=LDR  00998 as a22002898a 4500
=001  012919110
=003  Uk
=005  20070601143143.0
=008  040518c20079999enktr\p\\\\\\\0\\\a0eng\\
=022  0\$a1744-1838
=040  \\$aUk$beng$cUk
=222  \0$aInternational review of addiction research$b(Print)
=245  00$aInternational review of addiction research (Print).
=260  \\$aAbingdon :$bTaylor and Francis
=263  \\$a200702
=310  \\$aThree issues yearly
=336  \\$atext$2rdacontent
=337  \\$aunmediated$2rdamedia
=338  \\$avolume$2rdacarrier
=776  0\$tInternational review of addiction research$c(Online)$x1744-1846
=985  \\$aISSN responsibility transferred to the United States ISSN Centre June 2007 (Multinational Publisher Agreement).
=CAT  \\$a11316$b40$c20040518$lTMP01$h1511
=CAT  \\$aEXLIBRIS$c20040606$lBLL01$h1134
=CAT  \\$a6537$b40$c20070601$lBLL01$h1431
=FMT  \\$a  SE
=LAS  \\$a6537$b40$c20070601$lBLL01$h1431
=TCO  \\$aCLA$bCLA$c008

