=LDR  01064 as a22003138a 4500
=001  012919134
=003  Uk
=005  20070601143114.0
=006  m\\\\\\\\d\|\\\\\\
=007  cr||||||||||||
=008  040518c20079999enktr\p\s\\\\\0\\\a0eng\\
=022  0\$a1744-1846
=040  \\$aUk$beng$cUk
=222  \0$aInternational review of addiction research$b(Online)
=245  00$aInternational review of addiction research (Online).
=260  \\$aAbingdon :$bTaylor and Francis
=263  \\$a200702
=310  \\$aThree issues yearly
=336  \\$atext$2rdacontent
=337  \\$acomputer$2rdamedia
=338  \\$aonline resource$2rdacarrier
=776  0\$tInternational review of addiction research$c(Print)$x1744-1838
=985  \\$aISSN responsibility transferred to the United States ISSN Centre June 2007 (Multinational Publisher Agreement).
=CAT  \\$a11316$b40$c20040518$lTMP01$h1527
=CAT  \\$aEXLIBRIS$c20040606$lBLL01$h1134
=CAT  \\$a6537$b40$c20070601$lBLL01$h1431
=FMT  \\$a  SE
=LAS  \\$a6537$b40$c20070601$lBLL01$h1431
=TCO  \\$aCLA$bCLA$c008

