=LDR  04091cas a2200937 a 4500
=001  012923130
=003  Uk
=005  20221231205550.0
=007  ta
=008  040524c20059999enk\x\p\\\\\\\0\\\a0eng\\
=015  \\$aGBB2B1491$2bnb
=022  0\$a1742-4666$y1474-3833
=040  \\$aUk$beng$cUk$dUk
=042  \\$aukblsr
=082  04$a572$223
=210  0\$aFEBS j. Suppl.$b(Print)
=222  \0$aFEBS journal. Supplement$b(Print)
=245  04$aThe FEBS journal.$pSupplement.
=246  3\$aFederation of European Biochemical Societies journal.$pSupplement
=260  \\$aOxford :$bBlackwell,$c[2005]-
=264  31$a[Oxford] :$b[John Wiley & Sons Ltd]
=300  \\$av. ;$c28 cm.
=310  \\$aIrregular
=336  \\$atext$2rdacontent
=337  \\$aunmediated$2rdamedia
=338  \\$avolume$2rdacarrier
=362  0\$aVol. 272, suppl. 1 (July 2005)-
=500  \\$aIssues also have distinctive titles.
=530  \\$aAlso issued online.
=540  \\$aCurrent Copyright Fee: GBP25.00$c0$5Uk
=650  \0$aBiochemistry$vPeriodicals.
=650  \0$aMolecular biology$vPeriodicals.
=650  \0$aPathology, Molecular$vPeriodicals.
=710  2\$aFederation of European Biochemical Societies.
=772  0\$tFEBS journal$x1742-464X
=776  1\$tFEBS journal. S$c(Online)$x1742-4674
=780  00$tEuropean journal of biochemistry. Supplement$x1474-3833
=985  \\$aItems shelved with main journal (Aleph no. 012923128). PLEASE DO NOT ADD ITEMS TO THIS RECORD.
=985  \\$aISSN responsibility transferred to US ISSN Center from ISSN UK Centre, Wiley, Multinational Publisher List, Summer 2017.
=ACF  \\$aPrevious Copyright Fee: GBP22.00$c0$e01-oct-2008$fGBP22.00$g0$hC$5Uk
=ACF  \\$aPrevious copyright fee: GBP10.50$c0$e01-jan-2011$fGBP10.50$g0$hA$5Uk
=ACF  \\$aPrevious copyright fee: GBP12.00$c0$e01-jan-2012$fGBP12.00$g0$hA$5Uk
=ACF  \\$aPrevious Copyright Fee: GBP12.30$c0$e01-jan-2014$fGBP12.30$g0$hA$5Uk
=ACF  \\$aPrevious Copyright Fee: GBP15.00$c0$e01-jan-2017$fGBP15.00$g0$hA$5Uk
=ACF  \\$aPrevious Copyright Fee: GBP17.50$c0$e01-jan-2018$fGBP17.50$g0$hA$5Uk
=ACF  \\$aPrevious Copyright Fee: GBP20.00$c0$e01-jan-2020$fGBP20.00$g0$hA$5Uk
=CAT  \\$a2941$b40$c20040524$lTMP01$h1705
=CAT  \\$a11313$b40$c20051027$lBLL01$h1054
=CAT  \\$aBATCH-CLA$b00$c20080829$lBLL01$h1835
=CAT  \\$aBATCH-UPD$b00$c20081001$lBLL01$h0010
=CAT  \\$aBATCH$b00$c20081001$lBLL01$h0127
=CAT  \\$aBATCH-UPD$b00$c20101201$lBLL01$h1249
=CAT  \\$aIPL-CLA$c20101231$lBLL01$h1513
=CAT  \\$aWR11_203$c20111204$lBLL01$h1508
=CAT  \\$aIPL-CLA$c20111230$lBLL01$h2018
=CAT  \\$a8323$b40$c20121106$lBLL01$h1413
=CAT  \\$aBATCH-CLA$b00$c20121109$lBLL01$h1731
=CAT  \\$a11315$b40$c20130116$lBLL01$h1448
=CAT  \\$aBATCH-CLA$c20131220$lBLL01$h2027
=CAT  \\$aIPL-CLA$c20131231$lBLL01$h2337
=CAT  \\$aBATCH-CLA$b00$c20161222$lBLL01$h1802
=CAT  \\$aIPL-CLA$c20161230$lBLL01$h2124
=CAT  \\$aBATCH-CLA$b00$c20171222$lBLL01$h2123
=CAT  \\$aIPL-CLA$c20171231$lBLL01$h1631
=CAT  \\$a11313$b40$c20180227$lBLL01$h0809
=CAT  \\$aBATCH-CLA$b00$c20191219$lBLL01$h1731
=CAT  \\$aIPL-CLA$c20191231$lBLL01$h1927
=CAT  \\$aR2001-1524$c20200127$lBLL01$h2004
=CAT  \\$aBATCH-CLA$b00$c20201204$lBLL01$h1531
=CAT  \\$aIPL-CLA$c20201231$lBLL01$h2151
=CAT  \\$aBATCH-CLA$b00$c20221221$lBLL01$h1839
=CAT  \\$aIPL-CLA$c20221231$lBLL01$h2055
=CFI  0\$aCurrent Copyright Fee: GBP25.00$c0$e01-jan-2023$fGBP25.00$g0$hA$5Uk
=CFI  2\$aPrevious Copyright Fee: GBP22.50$c0$e01-jan-2021$fGBP22.50$g0$hA$5Uk
=FIN  \\$aY$d20051027
=FMT  \\$a  SE
=LAS  \\$aIPL-CLA$b00$c20221231$lBLL01$h2055
=LKR  \\$aPAR$b012923128$lBLL01$nFEBS journal$mFEBS journal. Supplement$r772
=LKR  \\$aPAR$b012923129$lBLL01$r776$mFEBS journal. Supplement (Print)$nFEBS journal. Supplement (Online)
=LKR  \\$aPAR$b012087751$lBLL01$r78000$mFEBS journal. Supplement$nEuropean journal of biochemistry. Supplement
=TCO  \\$aCLA$bCLA$c008

