=LDR  00819 as a22002538a 4500
=001  012924175
=003  Uk
=005  20070925111608.0
=008  040525c\\\\9999xxk\|\\\\\\\\\0\\\a0eng\\
=022  0\$a1362-4326
=040  \\$aUk$beng$cUk
=222  \0$aTrends in biochemical sciences online
=245  00$aTrends in biochemical sciences online.
=260  \\$aOxford :$bElsevier
=336  \\$atext$2rdacontent
=337  \\$aunmediated$2rdamedia
=338  \\$avolume$2rdacarrier
=985  \\$aISSN responsibility transferred to the Netherlands ISSN Centre Oct. 2007 (Multinational Publisher Agreement).
=CAT  \\$a8124$b40$c20040525$lTMP01$h1412
=CAT  \\$aEXLIBRIS$c20040606$lBLL01$h1134
=CAT  \\$a11316$b40$c20070925$lBLL01$h1116
=FMT  \\$a  SE
=LAS  \\$a11316$b40$c20070925$lBLL01$h1116
=TCO  \\$aCLA$bCLA$c008

