=LDR  00946 as a22002778a 4500
=001  012924188
=003  Uk
=005  20090112140325.0
=008  040525c\\\\9999xxk\|\\\\\\\\\0\\\a0eng\\
=022  0\$a1362-4555
=040  \\$aUk$beng$cUk
=222  \0$aTrends in genetics$b(Regular ed., Online)
=245  00$aTrends in genetics$h[electronic resource].
=336  \\$atext$2rdacontent
=337  \\$acomputer$2rdamedia
=338  \\$aonline resource$2rdacarrier
=985  \\$aISSN responsibility transferred to the Netherlands ISSN Centre Oct. 2007 (Multinational Publisher Agreement).
=CAT  \\$a8124$b40$c20040525$lTMP01$h1415
=CAT  \\$aEXLIBRIS$c20040606$lBLL01$h1134
=CAT  \\$a11316$b40$c20070925$lBLL01$h1458
=CAT  \\$a8874$b40$c20090112$lBLL01$h1403
=CAT  \\$aWR14_185$c20160214$lBLL01$h1231
=CAT  \\$aWR14_185$c20160214$lBLL01$h1239
=FMT  \\$a  SE
=LAS  \\$aWR14_185$b00$c20160214$lBLL01$h1239
=TCO  \\$aCLA$bCLA$c008

