=LDR  00909 as a22002898a 4500
=001  012966166
=003  Uk
=005  20070601124715.0
=008  040809c20079999enktr\p\\\\\\\0\\\a0eng\\
=022  0\$a1744-909X
=040  \\$aUk$beng$cUk
=222  \0$aAlzheimer care$b(Print)
=245  00$aAlzheimer care (Print).
=260  \\$aOxford :$bTaylor & Francis
=263  \\$a200702
=310  \\$aThree issues yearly
=336  \\$atext$2rdacontent
=337  \\$aunmediated$2rdamedia
=338  \\$avolume$2rdacarrier
=776  0\$tAlzheimer care$c(Online)$x1744-9103
=985  \\$aISSN responsibility transferred to the United States ISSN Centre June 2007 (Multinational Publisher Agreement).
=CAT  \\$a8870$b40$c20040809$lBLL01$h1350
=CAT  \\$a6537$b40$c20070601$lBLL01$h1246
=CAT  \\$a6537$b40$c20070601$lBLL01$h1247
=FMT  \\$a  SE
=LAS  \\$a6537$b40$c20070601$lBLL01$h1247
=TCO  \\$aCLA$bCLA$c008

