=LDR  00832 as a22002778a 4500
=001  012966192
=003  Uk
=005  20070601124133.0
=008  040809c20079999enktr\p\\\\\\\0\\\a0eng\\
=022  0\$a1744-9111
=040  \\$aUk$beng$cUk
=222  \0$aADHD$b(Print)
=245  00$aADHD (Print).
=260  \\$aOxford :$bTaylor & Francis.
=263  \\$a200702
=310  \\$aThree issues yearly
=336  \\$atext$2rdacontent
=337  \\$aunmediated$2rdamedia
=338  \\$avolume$2rdacarrier
=776  0\$tADHD$c(Online)$x1744-912X
=985  \\$aISSN responsibility transferred to the United States ISSN Centre June 2007 (Multinational Publisher Agreement).
=CAT  \\$a8870$b40$c20040809$lBLL01$h1407
=CAT  \\$a6537$b40$c20070601$lBLL01$h1241
=FMT  \\$a  SE
=LAS  \\$a6537$b40$c20070601$lBLL01$h1241
=TCO  \\$aCLA$bCLA$c008

