=LDR  00894 as a22003018a 4500
=001  012966198
=003  Uk
=005  20070601124129.0
=006  m\\\\\\\\d\|\\\\\\
=007  cr||||||||||||
=008  040809c20079999enktr\p\s\\\\\0\\\a0eng\\
=022  0\$a1744-912X
=040  \\$aUk$beng$cUk
=222  \0$aADHD$b(Online)
=245  00$aADHD (Online)
=260  \\$aOxford$bTaylor & Francis
=263  \\$a200702
=310  \\$aThree issues yearly
=336  \\$atext$2rdacontent
=337  \\$acomputer$2rdamedia
=338  \\$aonline resource$2rdacarrier
=776  0\$tADHD$c(Print)$x1744-9111
=985  \\$aISSN responsibility transferred to the United States ISSN Centre June 2007 (Multinational Publisher Agreement).
=CAT  \\$a8870$b40$c20040809$lBLL01$h1411
=CAT  \\$a6537$b40$c20070601$lBLL01$h1241
=FMT  \\$a  SE
=LAS  \\$a6537$b40$c20070601$lBLL01$h1241
=TCO  \\$aCLA$bCLA$c008

