=LDR  04587cas a2201069 a 4500
=001  012975380
=003  Uk
=005  20230511162847.0
=006  m\\\\\o\\d\\\\\\\\
=007  cr\cn|||||||||
=008  050506c20059999ne\\x\pso\\\\\0\\\a0eng\c
=010  \\$a2005243559
=016  7\$a101245735$2DNLM
=016  7\$a2559748-6$2DE-600
=016  7\$a003279610$2IsJJNL
=022  \\$a1745-0179
=035  \\$a(OCoLC)60311621$z(OCoLC)315919584$z(OCoLC)613028403$z(OCoLC)668708522$z(OCoLC)759036425$z(OCoLC)782076919
=040  \\$aOUN$cOUN$dNLM$dOCLCQ$dNLM$dHEBIS$dNLM$dBUF$dJ9U$dSELUL$dNLM$dOCLCQ$dUk
=042  \\$aukblsr
=050  \4$aRC467
=060  10$aW1
=082  04$a616.89005$223
=222  \0$aClinical practice and epidemiology in mental health
=245  00$aClinical practice and epidemiology in mental health$h[electronic resource] :$bCP & EMH.
=246  30$aCP & EMH
=260  \\$32005-2009:$a[London] :$bBioMed Central,$c2005-
=260  2\$32009- :$aHilversum :$bBentham Science
=260  2\$32010-$a[Bussum] :$bBentham Science
=264  31$a[Netherlands?] :$bBentham Open
=336  \\$atext$2rdacontent
=337  \\$acomputer$2rdamedia
=338  \\$aonline resource$2rdacarrier
=362  0\$a1:1 (27 Apr. 2005)-
=500  \\$aTitle from PDF caption (viewed June 7, 2005).
=500  \\$aLatest issue consulted:
=515  \\$aArticles published on an individual basis as accepted.
=538  \\$aMode of access: World Wide Web; may require Adobe Acrobat Reader.
=540  \\$aCurrent Copyright Fee: zero$c38\0$5Uk
=650  \0$aClinical psychology$vPeriodicals.
=650  \0$aPsychiatric epidemiology$vPeriodicals.
=650  12$aPsychology, Clinical$vPeriodicals.
=650  22$aMental Disorders$xepidemiology$vPeriodicals.
=856  \\$31850-9999$uhttp://benthamscience.com/$xBLDSS
=856  40$uhttp://www.benthamscience.com/open/cpemh/index.htm
=856  40$uhttp://www.cpementalhealth.com/
=856  40$uhttp://www.ncbi.nlm.nih.gov/pmc/journals/322/
=856  40$uhttps://clinical-practice-and-epidemiology-in-mental-health.com/
=945  \\$aClinical practice and epidemiology in mental health -electronic edition-
=979  \\$aBritish Library$cDSC$j3286.333615N
=985  \\$aISSN responsibility transferred to ISSN Netherlands 24/03/10
=ACF  \\$aPrevious Copyright Fee: GBP20.00$c0$e01-jan-2020$fGBP20.00$g0$hA$5Uk
=ACF  \\$aBritish Library not licensed to copy$c0$e14-sep-2007$hC$iCLA Excluded$5Uk
=ACF  \\$aPrevious copyright fee: GBP10.50$c0$e01-jan-2011$fGBP10.50$g0$hA$5Uk
=ACF  \\$aPrevious copyright fee: GBP12.00$c0$e01-jan-2012$fGBP12.00$g0$hA$5Uk
=ACF  \\$aPrevious Copyright Fee: GBP12.30$c0$e01-jan-2014$fGBP12.30$g0$hA$5Uk
=ACF  \\$aPrevious Copyright Fee: GBP15.00$c0$e01-jan-2017$fGBP15.00$g0$hA$5Uk
=ACF  \\$aPrevious Copyright Fee: GBP17.50$c0$e01-jan-2018$fGBP17.50$g0$hA$5Uk
=CAT  \\$a9570$b40$c20040824$lBLL01$h1152
=CAT  \\$a11316$b40$c20100324$lBLL01$h1153
=CAT  \\$aBATCH-UPD$b40$c20101201$lBLL01$h1249
=CAT  \\$aIPL-CLA$c20101231$lBLL01$h1513
=CAT  \\$aWR11_203$c20111204$lBLL01$h1508
=CAT  \\$aIPL-CLA$c20111230$lBLL01$h2019
=CAT  \\$aBATCH-CLA$b00$c20121109$lBLL01$h1730
=CAT  \\$aWR12_168$c20121206$lBLL01$h1815
=CAT  \\$a3072$b40$c20121231$lBLL01$h1519
=CAT  \\$a3072$b40$c20121231$lBLL01$h1521
=CAT  \\$a3072$b40$c20121231$lBLL01$h1600
=CAT  \\$aBATCH-CLA$c20131220$lBLL01$h2029
=CAT  \\$aIPL-CLA$c20131231$lBLL01$h2340
=CAT  \\$aBATCH-CLA$b00$c20161222$lBLL01$h1803
=CAT  \\$aIPL-CLA$c20161230$lBLL01$h2128
=CAT  \\$aBATCH-CLA$b00$c20171222$lBLL01$h2124
=CAT  \\$aIPL-CLA$c20171231$lBLL01$h1634
=CAT  \\$aBATCH-CLA$b00$c20191219$lBLL01$h1731
=CAT  \\$aIPL-CLA$c20191231$lBLL01$h1929
=CAT  \\$aR2001-1524$c20200127$lBLL01$h2005
=CAT  \\$aBATCH-CLA$b00$c20201204$lBLL01$h1532
=CAT  \\$aIPL-CLA$c20201231$lBLL01$h2153
=CAT  \\$a10806$b40$c20220513$lBLL01$h0838
=CAT  \\$a8055$b40$c20220803$lBLL01$h1202
=CAT  \\$aBLDSS-3PM$b00$c20220811$lBLL01$h0814
=CAT  \\$aBATCH-UPD$b00$c20220811$lBLL01$h0814
=CAT  \\$aBATCH-FIX$c20230511$lBLL01$h1628
=CFI  0\$aCurrent Copyright Fee: zero$c38\0$e03-aug-2022$fGBP0.00$g0$hP$5Uk
=CFI  2\$aPrevious Copyright Fee: GBP22.50$c0$e01-jan-2021$fGBP22.50$g0$hA$5Uk
=FFP  \\$aY$bBLDSS-3PM
=FIN  \\$aY$d20060103
=FMT  \\$a  SE
=LAS  \\$aBATCH-FIX$b00$c20230511$lBLL01$h1628
=SID  \\$aZ39$bOCLC
=TCO  \\$aNLD$bSTICHTING REPRORECHT$c008

