=LDR  01431 as a22004097a 4500
=001  012990364
=003  Uk
=005  20160211134336.0
=006  m\\\\\\\\d\|\\\\\\
=007  cr||||||||||||
=008  040914c20049999mf\qr\p\s\\\\\0\\\a0eng\\
=022  0\$a1745-1655
=040  \\$aUk$beng$cUk
=222  \0$aAfrica investor magazine$b(Online)
=245  00$aAfrica investor magazine.
=246  30$aAi
=246  3\$iMinor title change :$aAfrica investor
=260  \\$aLondon :$bAfrica investor Magazine
=264  31$aPort Louis, Mauritius :$bAfrica Investor Holdings
=310  \\$aQuarterly
=336  \\$atext$2rdacontent
=337  \\$acomputer$2rdamedia
=338  \\$aonline resource$2rdacarrier
=776  0\$tAfrica investor magazine$c(Print)$x1745-1647
=856  40$uhttp://magazine.africa-investor.com/$zLink no longer valid
=856  40$uhttp://www.africainvestor.com/magazine.asp?id=93$zTo subscribe
=985  \\$aLatest issue consulted: Volume 13, issue 6 [2015] (print surrogate).
=985  \\$aISSN responsibility transferred from ISSN UK to ISSN Mauritius, 11.02.2016.
=CAT  \\$a8870$b40$c20040914$lBLL01$h1116
=CAT  \\$a8870$b40$c20040914$lBLL01$h1126
=CAT  \\$a11313$b40$c20160204$lBLL01$h0817
=CAT  \\$a11313$b40$c20160204$lBLL01$h0826
=CAT  \\$a11313$b40$c20160211$lBLL01$h1343
=FIN  \\$aY
=FMT  \\$a  SE
=LAS  \\$a11313$b40$c20160211$lBLL01$h1343
=TCO  \\$aCLA$bCLA$c008

