=LDR  01209 as a22002897a 4500
=001  012994664
=003  Uk
=005  20170614131555.0
=008  040918c19979999enkar\\\\\\\\\0\\\a0eng\\
=022  0\$a1369-9865
=040  \\$aUk$beng$cUk
=222  \0$aYearbook of the European Convention for the Prevention of Torture and Inhuman or Degrading Treatment or Punishment
=245  00$aYearbook of the European Convention for the Prevention of Torture and Inhuman or Degrading Treatment or Punishment.
=246  31$aAnnuaire de la Convention europeenne pour la prevention de la torture et des peines ou traitements inhumains ou degradants
=260  \\$aNottingham :$bHuman Rights Law Centre, University of Nottingham.
=336  \\$atext$2rdacontent
=337  \\$aunmediated$2rdamedia
=338  \\$avolume$2rdacarrier
=710  2\$aUniversity of Nottingham.$bHuman Rights Law Centre.
=710  2\$aCouncil of Europe.
=985  \\$aISSN responsibility transferred to ISSN Netherlands - now published by Brill, 14/06/17
=CAT  \\$a11316$b40$c20040918$lBLL01$h1221
=CAT  \\$a10806$b40$c20170614$lBLL01$h1315
=FIN  \\$aY
=FMT  \\$a  SE
=LAS  \\$a10806$b40$c20170614$lBLL01$h1315
=TCO  \\$aCLA$bCLA$c008

