=LDR  01453cas a22003858a 4500
=001  013054549
=003  Uk
=005  20230210010309.0
=008  041202c20069999enkar\p\\\\\\\0\\\a0eng\\
=022  0\$a1745-9001
=040  \\$aUk$beng$cUk
=222  \0$aCurrent research in urban and regional studies
=245  00$aCurrent research in urban and regional studies.
=260  \\$aOxford :$bElsevier.
=263  \\$a200601
=310  \\$aAnnual
=336  \\$atext$2rdacontent
=337  \\$aunmediated$2rdamedia
=338  \\$avolume$2rdacarrier
=540  \\$aCurrent Copyright Fee: GBP25.00$c0$5Uk
=985  \\$aISSN responsibility transferred to the Netherlands ISSN Centre Oct. 2007 (Multinational Publisher Agreement).
=ACF  \\$aPrevious Copyright Fee: GBP25.00$c0$e01-jan-2020$fGBP25.00$g0$hC$5Uk
=CAT  \\$a11316$b40$c20041202$lBLL01$h0923
=CAT  \\$a11316$b40$c20070924$lBLL01$h1504
=CAT  \\$aBATCH-CLA$b00$c20191129$lBLL01$h1622
=CAT  \\$aIPL-CLA$c20191231$lBLL01$h1930
=CAT  \\$aBATCH-CLA$b00$c20221130$lBLL01$h1451
=CAT  \\$aIPL-CLA$c20221231$lBLL01$h2103
=CAT  \\$aBATCH-CLA$b00$c20230209$lBLL01$h1537
=CAT  \\$aIPL-CLA$c20230210$lBLL01$h0103
=CFI  0\$aCurrent Copyright Fee: GBP25.00$c0$e09-feb-2023$fGBP25.00$g0$hC$5Uk
=CFI  2\$aBritish Library not licensed to copy$c0$e01-jan-2023$hC$iCFP Excluded$5Uk
=FMT  \\$a  SE
=LAS  \\$aIPL-CLA$b00$c20230210$lBLL01$h0103
=TCO  \\$aCLA$bCLA$c008

