=LDR  00906 as a22002898a 4500
=001  013060235
=003  Uk
=005  20070629133604.0
=006  m\\\\\\\\d\|\\\\\\
=007  cr||||||||||||
=008  041209c20069999enk\x\d\s\\\\\0\\\a0eng\\
=022  0\$a1745-9273
=040  \\$aUk$beng$cUk
=222  \4$aThe military balance database
=245  04$aThe military balance database.
=260  \\$aAbingdon :$bTaylor & Francis.
=263  \\$a200606
=336  \\$atext$2rdacontent
=337  \\$acomputer$2rdamedia
=338  \\$aonline resource$2rdacarrier
=985  \\$aISSN responsibility transferred to the United States ISSN Centre June 2007 (Multinational Publisher Agreement).
=CAT  \\$a11316$b40$c20041209$lBLL01$h1009
=CAT  \\$a11313$b40$c20060207$lBLL01$h1401
=CAT  \\$a11316$b40$c20070629$lBLL01$h1336
=FMT  \\$a  SE
=LAS  \\$a11316$b40$c20070629$lBLL01$h1336
=TCO  \\$aCLA$bCLA$c008

