=LDR  00906 as a22002778a 4500
=001  013117357
=003  Uk
=005  20070924153105.0
=008  050222c20079999enkar\\\\\\\\\0\\\a0eng\\
=022  0\$a1746-6806
=040  \\$aUk$beng$cUk
=222  \0$aResearch in organizational justice
=245  00$aResearch in organizational justice.
=260  \\$aAmsterdam :$bJAI.
=263  \\$a200703
=310  \\$aAnnual
=336  \\$atext$2rdacontent
=337  \\$aunmediated$2rdamedia
=338  \\$avolume$2rdacarrier
=985  \\$aISSN responsibility transferred to the Netherlands ISSN Centre Oct. 2007 (Multinational Publisher Agreement).
=985  \\$aISSN UK was responsible for JAI titles up to Oct. 2007(multinational agreement)
=CAT  \\$a8870$b40$c20050222$lBLL01$h1241
=CAT  \\$a11316$b40$c20070924$lBLL01$h1531
=FMT  \\$a  SE
=LAS  \\$a11316$b40$c20070924$lBLL01$h1531
=TCO  \\$aCLA$bCLA$c008

