=LDR  00984 as a22002898a 4500
=001  013122179
=003  Uk
=005  20070601133622.0
=008  050228c20079999enktr\p\\\\\\\0\\\a0eng\\
=022  0\$a1746-756X
=040  \\$aUk$beng$cUk
=222  \0$aChild and adolescent forensic psychiatry$b(Print)
=245  00$aChild and adolescent forensic psychiatry (Print).
=260  \\$aAbingdon :$bRoutledge
=263  \\$a200702
=310  \\$aThree issues yearly
=336  \\$atext$2rdacontent
=337  \\$aunmediated$2rdamedia
=338  \\$avolume$2rdacarrier
=776  0\$tChild and adolescent forensic psychiatry$c(Online)$x1746-7578
=985  \\$aISSN responsibility transferred to the United States ISSN Centre June 2007 (Multinational Publisher Agreement).
=CAT  \\$a11316$b40$c20050228$lBLL01$h0856
=CAT  \\$a11316$b40$c20050228$lBLL01$h0919
=CAT  \\$a6537$b40$c20070601$lBLL01$h1336
=FMT  \\$a  SE
=LAS  \\$a6537$b40$c20070601$lBLL01$h1336
=TCO  \\$aCLA$bCLA$c008

