=LDR  01050 as a22003138a 4500
=001  013122181
=003  Uk
=005  20070601133615.0
=006  m\\\\\\\\d\|\\\\\\
=007  cr||||||||||||
=008  050228c20079999enktr\p\s\\\\\0\\\a0eng\\
=022  0\$a1746-7578
=040  \\$aUk$beng$cUk
=222  \0$aChild and adolescent forensic psychiatry$b(Online)
=245  00$aChild and adolescent forensic psychiatry (Online).
=260  \\$aAbingdon :$bRoutledge
=263  \\$a200702
=310  \\$aThree issues yearly
=336  \\$atext$2rdacontent
=337  \\$acomputer$2rdamedia
=338  \\$aonline resource$2rdacarrier
=776  0\$tChild and adolescent forensic psychiatry$c(Print)$x1746-756X
=985  \\$aISSN responsibility transferred to the United States ISSN Centre June 2007 (Multinational Publisher Agreement).
=CAT  \\$a11316$b40$c20050228$lBLL01$h0859
=CAT  \\$a11316$b40$c20050228$lBLL01$h0919
=CAT  \\$a6537$b40$c20070601$lBLL01$h1336
=FMT  \\$a  SE
=LAS  \\$a6537$b40$c20070601$lBLL01$h1336
=TCO  \\$aCLA$bCLA$c008

