=LDR  00896 as a22002778a 4500
=001  013132560
=003  Uk
=005  20070601152304.0
=008  050310c20069999enkfr\p\\\\\\\0\\\a0eng\\
=022  0\$a1746-7950
=040  \\$aUk$beng$cUk
=222  \0$aSports communication studies$b(Print)
=245  00$aSports communication studies (Print).
=260  \\$aAbingdon :$bRoutledge
=263  \\$a200605
=310  \\$aTwo issues yearly
=336  \\$atext$2rdacontent
=337  \\$aunmediated$2rdamedia
=338  \\$avolume$2rdacarrier
=776  0\$tSports communication studies$c(Online)$x1746-7969
=985  \\$aISSN responsibility transferred to the United States ISSN Centre June 2007 (Multinational Publisher Agreement).
=CAT  \\$a7152$b40$c20050310$lBLL01$h1448
=CAT  \\$a6537$b40$c20070601$lBLL01$h1523
=FMT  \\$a  SE
=LAS  \\$a6537$b40$c20070601$lBLL01$h1523
=TCO  \\$aCLA$bCLA$c008

