=LDR  00962 as a22003018a 4500
=001  013132561
=003  Uk
=005  20070601152250.0
=006  m\\\\\\\\d\|\\\\\\
=007  cr||||||||||||
=008  050310c20069999enkfr\p\s\\\\\0\\\a0eng\\
=022  0\$a1746-7969
=040  \\$aUk$beng$cUk
=222  \0$aSports communication studies$b(Online)
=245  00$aSports communication studies (Online).
=260  \\$aAbingdon :$bRoutledge
=263  \\$a200605
=310  \\$aTwo issues yearly
=336  \\$atext$2rdacontent
=337  \\$acomputer$2rdamedia
=338  \\$aonline resource$2rdacarrier
=776  0\$tSports communication studies$c(Print)$x1746-7950
=985  \\$aISSN responsibility transferred to the United States ISSN Centre June 2007 (Multinational Publisher Agreement).
=CAT  \\$a7152$b40$c20050310$lBLL01$h1449
=CAT  \\$a6537$b40$c20070601$lBLL01$h1522
=FMT  \\$a  SE
=LAS  \\$a6537$b40$c20070601$lBLL01$h1522
=TCO  \\$aCLA$bCLA$c008

