=LDR  02686aas a2200709 a 4500
=001  013191797
=003  Uk
=005  20140422095747.0
=006  m\\\\\o\\d\\\\\\\\
=007  cr\cn|||||||||
=008  050926d20062011xxu\x\pso\\\\\0\\\a0eng\\
=010  \\$a2006243183
=016  7\$a101258054$2DNLM
=016  7\$a2229743-1$2DE-600
=016  7\$a979200423$2DE-101
=016  7\$a22297431$2de-600
=016  7\$a979200423$2de-101
=022  0\$a1747-5333
=035  \\$a(OCoLC)65636895$z(OCoLC)315921995
=040  \\$aNLM$beng$cNLM$dCUS$dLVB$dOCLCQ$dBUF$dOCLCQ$dDEBBG$dGWDNB$dOCLCQ$dGBVCP$dUk
=042  \\$aukblsr
=050  \4$aR31
=060  10$aW1
=082  04$a610.724$223
=222  \0$aJournal of biomedical discovery and collaboration
=245  00$aJournal of biomedical discovery and collaboration$h[electronic resource].
=246  13$aJBDC
=260  \\$a[London] :$bBioMed Central,$c2006-2011.
=260  3\$32009-2011$a[Chicago] :$bUniversity of Illinois at Chicago University Library's Journals@UIC
=336  \\$atext$2rdacontent
=337  \\$acomputer$2rdamedia
=338  \\$aonline resource$2rdacarrier
=362  0\$a1:1 (13 Mar. 2006)-vol. 6 (2011).
=500  \\$aTitle from PDF caption (publisher's Web site, viewed Mar. 17, 2006).
=515  \\$aArticles added on an individual basis as accepted.
=538  \\$aMode of access: World Wide Web.
=588  \\$aLatest issue consulted: volume 6 (2011) (viewed April 22, 2014).
=650  \0$aMedicine$xResearch$vPeriodicals.
=650  \0$aBiology$xResearch$vPeriodicals.
=856  40$uhttp://www.uic.edu/htbin/cgiwrap/bin/ojs/index.php/jbdc
=856  40$3Archive issues 2006-2009:$uhttp://www.j-biomed-discovery.com/
=856  40$uhttp://pubmedcentral.com/tocrender.fcgi?journal=405&action=archive
=856  40$uhttp://bibpurl.oclc.org/web/13238
=856  40$uhttp://bibpurl.oclc.org/web/13239
=985  \\$aISSN responsibility transferred to U.S ISSN Center - 22 /4/2014.
=CAT  \\$a7152$b40$c20050505$lBLL01$h1518
=CAT  \\$a6537$b40$c20060220$lBLL01$h0841
=CAT  \\$a6537$b40$c20060321$lBLL01$h1132
=CAT  \\$a6537$b40$c20060321$lBLL01$h1135
=CAT  \\$a3072$b40$c20130107$lBLL01$h1211
=CAT  \\$a12952$b40$c20130107$lBLL01$h1704
=CAT  \\$a12952$b40$c20130107$lBLL01$h1706
=CAT  \\$a12952$b40$c20130107$lBLL01$h1709
=CAT  \\$a11313$b40$c20130207$lBLL01$h1415
=CAT  \\$a11316$b40$c20140414$lBLL01$h1439
=CAT  \\$a11316$b40$c20140422$lBLL01$h0954
=CAT  \\$a11316$b40$c20140422$lBLL01$h0957
=FIN  \\$aY$d20060321
=FMT  \\$a  SE
=LAS  \\$a11316$b40$c20140422$lBLL01$h0957
=SID  \\$aZ39$bOCLC
=TCO  \\$aCLA$bCLA$c008

