=LDR  01203 as a22003617a 4500
=001  013192232
=003  Uk
=005  20131129130546.0
=006  m\\\\\\\\d\|\\\\\\
=007  cr||||||||||||
=008  050506c20079999paufr\p\s\\\\\0\\\a0eng\\
=022  0\$a1747-5376
=040  \\$aUk$beng$cUk
=222  \0$aExpositions$b(London. Online)
=245  00$aExpositions$h[electronic resource].
=260  \\$aLondon :$bEquinox
=264  31$aVillanova, PA :$bVillanova Center for Liberal Education, Villanova University
=310  \\$aSemiannual
=336  \\$atext$2rdacontent
=337  \\$acomputer$2rdamedia
=338  \\$aonline resource$2rdacarrier
=776  0\$tExpositions$c(London. Print)$x1747-5368
=856  40$uhttp://expositions.journals.villanova.edu/index
=985  \\$aISSN responsibility transferred from ISSN UK to U.S. ISSN Center, 29/11/13.
=CAT  \\$a8870$b40$c20050506$lBLL01$h1118
=CAT  \\$a8870$b40$c20050506$lBLL01$h1121
=CAT  \\$a6971$b40$c20060925$lBLL01$h1712
=CAT  \\$a6537$b40$c20080216$lBLL01$h1121
=CAT  \\$a10806$b40$c20131129$lBLL01$h1305
=FIN  \\$aY$d20080216
=FMT  \\$a  SE
=LAS  \\$a10806$b40$c20131129$lBLL01$h1305
=TCO  \\$aCLA$bCLA$c008

