=LDR  01328 as a22003617a 4500
=001  013203414
=003  Uk
=005  20160608141836.0
=007  ta
=008  050523c20059999cj\mr\p\\\\\\\0\\\a0eng\\
=022  0\$a1747-6682
=040  \\$aUk$beng$cUk
=222  \0$aGlobal sources. Fashion accessories
=245  00$aGlobal sources.$pFashion accessories.
=246  30$aFashion accessories (2005)
=260  \\$aGrand Cayman :$bTrade Media.
=310  \\$aMonthly
=336  \\$atext$2rdacontent
=337  \\$aunmediated$2rdamedia
=338  \\$avolume$2rdacarrier
=776  0\$aGlobal sources. Fashion accessories$c(Online)$x2045-5992
=780  00$tAsian sources. Fashion accessories & supplies$x1682-0290
=985  \\$aISSN responsibility transferred to ISSN Singapore, now published by Media Data Systems Pte Ltd in Singapore (info via IC) (08/06/16)
=CAT  \\$a11316$b40$c20050523$lBLL01$h0902
=CAT  \\$a11316$b40$c20060411$lBLL01$h1114
=CAT  \\$a8874$b40$c20060425$lBLL01$h1440
=CAT  \\$a11316$b40$c20101015$lBLL01$h0906
=CAT  \\$a10806$b40$c20160608$lBLL01$h1418
=FIN  \\$aY$d20050523
=FMT  \\$a  SE
=LAS  \\$a10806$b40$c20160608$lBLL01$h1418
=LKR  \\$aPAR$b010215070$lBLL01$r78000$mGlobal sources. Fashion accessories$nAsian sources. Fashion accessories & supplies
=TCO  \\$aXXX$c008

