=LDR  02488 as a22006138a 4500
=001  013207169
=003  Uk
=005  20200723113752.0
=006  m\\\\\\\\d\|\\\\\\
=007  cr||||||||||||
=008  050525c20069999no\qr\p\s\\\\\0\\\a0eng\\
=022  0\$a1747-7190
=040  \\$aUk$beng$cUk
=222  \0$aInternational journal of pediatric obesity. Supplement$b(Online)
=245  00$aInternational journal of pediatric obesity.$pSupplement (Online).
=260  \\$aOslo :$bTaylor & Francis
=263  \\$a200603
=264  31$32011-$a[Hoboken, NJ] :$bWiley-Blackwell
=310  \\$aQuarterly
=336  \\$atext$2rdacontent
=337  \\$acomputer$2rdamedia
=338  \\$aonline resource$2rdacarrier
=540  \\$aCurrent copyright fee: GBP32.00$c35\0$5Uk
=772  0\$tInternational journal of pediatric obesity.$c(Online)$x1747-7174
=776  0\$tInternational journal of pediatric obesity. Supplement$c(Print)$x1747-7182
=856  \\$31850-9999$uhttp://onlinelibrary.wiley.com/$xBLDSS
=945  \\$aInternational journal of pediatric obesity -supplement-.
=979  \\$aBritish Library$bDSC$j4542.450510N
=985  \\$aISSN responsibility transferred to the United States ISSN Centre June 2007 (Multinational Publisher Agreement).
=ACF  \\$aPrevious copyright fee: GBP22.00$c35\0$e01-jan-2012$fGBP22.00$g0$hP$5Uk
=ACF  \\$aPrevious copyright fee: GBP24.00$c35\0$e01-mar-2015$fGBP24.00$g0$hP$5Uk
=CAT  \\$a11316$b40$c20050525$lBLL01$h1159
=CAT  \\$a6537$b40$c20070601$lBLL01$h1428
=CAT  \\$a5552$b40$c20111014$lBLL01$h1157
=CAT  \\$aIPL-CLA$c20111230$lBLL01$h2021
=CAT  \\$aBLDSS-3PM$b00$c20141214$lBLL01$h1522
=CAT  \\$aBATCH-UPD$b00$c20150215$lBLL01$h1656
=CAT  \\$aIPL-CLA$c20150228$lBLL01$h2048
=CAT  \\$aBATCH-UPD$b00$c20160413$lBLL01$h1819
=CAT  \\$a5552$b40$c20170504$lBLL01$h1230
=CAT  \\$aBATCH-UPD$b40$c20180219$lBLL01$h1747
=CAT  \\$aBATCH-UPD$b40$c20181121$lBLL01$h1621
=CAT  \\$aIPL-CLA$c20181231$lBLL01$h1542
=CAT  \\$aBATCH-UPD$b00$c20200219$lBLL01$h1541
=CAT  \\$aIPL-CLA$c20200331$lBLL01$h1614
=CAT  \\$a11315$b40$c20200723$lBLL01$h1137
=CFI  0\$aCurrent copyright fee: GBP32.00$c35\0$e01-apr-2020$fGBP32.00$g0$hP$5Uk
=CFI  2\$aPrevious copyright fee: GBP28.00$c35\0$e01-jan-2019$fGBP28.00$g0$hP$5Uk
=FFP  \\$aY$bBLDSS-3PM
=FMT  \\$a  SE
=LAS  \\$a11315$b40$c20200723$lBLL01$h1137
=TCO  \\$aXXX$c008
=TOC  \\$aETOC
=UNO  \\$aY

