=LDR  01031 as a22003138a 4500
=001  013212261
=003  Uk
=005  20070601152411.0
=006  m\\\\\\\\d\|\\\\\\
=007  cr||||||||||||
=008  050602c20079999ne\fr\\\s\\\\\0\\\a0eng\\
=022  0\$a1747-7743
=040  \\$aUk$beng$cUk
=222  \0$aStructures and infrastructures$b(Online)
=245  00$aStructures and infrastructures (Online).
=260  \\$aLeiden :$bTaylor & Francis
=263  \\$a200703
=310  \\$aTwo issues yearly
=336  \\$atext$2rdacontent
=337  \\$acomputer$2rdamedia
=338  \\$aonline resource$2rdacarrier
=776  0\$tStructures and infrastructures$c(Print)$x1747-7735
=985  \\$aISSN responsibility transferred to the United States ISSN Centre June 2007 (Multinational Publisher Agreement).
=985  \\$aRemove "online" from 245
=CAT  \\$a9570$b40$c20050602$lBLL01$h1154
=CAT  \\$a6537$b40$c20070601$lBLL01$h1524
=FMT  \\$a  SE
=LAS  \\$a6537$b40$c20070601$lBLL01$h1524
=TCO  \\$aNLD$bSTICHTING REPRORECHT$c008

