=LDR  01348 as a22003857a 4500
=001  013247662
=003  Uk
=005  20160608142233.0
=007  ta
=008  050707c20059999enkmr\p\\\\\\\0\\\a0eng\\
=022  0\$a1748-2771
=040  \\$aUk$beng$cUk
=222  \0$aGlobal sources. Hardware & DIY
=245  00$aGlobal sources.$pHardware & DIY.
=246  3\$aGlobal sources hardware and DIY
=246  3\$aGlobal sources hardware and do it yourself
=260  \\$aGrand Cayman :$bTrade Media
=310  \\$aMonthly
=336  \\$atext$2rdacontent
=337  \\$aunmediated$2rdamedia
=338  \\$avolume$2rdacarrier
=776  0\$tGlobal sources. Hardware & DIY$c(Online)$x2045-6026
=780  00$tAsian sources hardwares$x0254-1149
=985  \\$aISSN description based on: Vol. 5, no. 7 (Apr. 2010).
=985  \\$aISSN responsibility transferred to ISSN Singapore, now published by Media Data Systems Pte Ltd in Singapore (info via IC) (08/06/16)
=CAT  \\$a11316$b40$c20050707$lBLL01$h1126
=CAT  \\$a3512$b40$c20080724$lBLL01$h0956
=CAT  \\$a3512$b40$c20080724$lBLL01$h0958
=CAT  \\$a11316$b40$c20101015$lBLL01$h1451
=CAT  \\$a11316$b40$c20101018$lBLL01$h1104
=CAT  \\$a10806$b40$c20160608$lBLL01$h1422
=FIN  \\$aY$d20101015
=FMT  \\$a  SE
=LAS  \\$a10806$b40$c20160608$lBLL01$h1422
=TCO  \\$aCLA$bCLA$c008

