=LDR  01957 as a22005177a 4500
=001  013263579
=003  Uk
=005  20190409142111.0
=006  m\\\\\\\\d\|\\\\\\
=007  cr||||||||||||
=008  050729c20039999xxuqr\p\s\\\\\0\\\a0eng\\
=022  0\$a1748-6254
=040  \\$aUk$beng$cUk
=222  \0$aConnect$b(Romsey. Online)
=245  00$aConnect :$h[electronic resource]$bthe world of critical care nursing.
=260  \\$aRomsey :$bConnect Healthcare Publishing.
=264  31$aNew York, NY :$bSpringer Publishing Company
=310  \\$aQuarterly
=336  \\$atext$2rdacontent
=337  \\$acomputer$2rdamedia
=338  \\$aonline resource$2rdacarrier
=516  \\$aPDF format
=538  \\$aMode of access: Internet
=595  \\$aFORMERLY 3417.612485N.
=710  2\$aWorld Federation of Critical Care Nurses.
=710  2\$aEuropean Federation of Critical Care Nursing Associations.
=780  00$tConnect$x1474-4694
=856  \\$uhttp://www.connectpublishing.com/index.asp
=945  \\$aConnect -Romsey- Connect Healthcare Publishing- Electronic Edition-
=979  \\$aBritish Library$cDSC$j9830.050000N
=985  \\$aISSN UK Centre: ISSN responsibility transferred to US ISSN Center (9/4/19), multinational publisher.
=CAT  \\$a11316$b40$c20050729$lBLL01$h1523
=CAT  \\$a11316$b40$c20050802$lBLL01$h0817
=CAT  \\$a8456$b40$c20051107$lBLL01$h1705
=CAT  \\$a8291$b40$c20070524$lBLL01$h1543
=CAT  \\$aWR12_168$c20121206$lBLL01$h1836
=CAT  \\$aW1711-1225$c20171203$lBLL01$h1022
=CAT  \\$a10806$b40$c20180618$lBLL01$h1022
=CAT  \\$a10806$b40$c20180618$lBLL01$h1023
=CAT  \\$a7152$b40$c20190409$lBLL01$h1421
=FIN  \\$aY$d20050729
=FMT  \\$a  SE
=LAS  \\$a7152$b40$c20190409$lBLL01$h1421
=LKR  \\$aPAR$b012405971$lBLL01$r78000$mConnect (Romsey. Online)$nConnect (London. 2001)
=STA  \\$aSUPPRESSED$bunable to determine reason for suppression
=TCO  \\$aCLA$bCLA$c008

