=LDR  01508 as a22004217i 4500
=001  013276577
=003  Uk
=005  20171019125528.0
=006  m\\\\\\\\d\|\\\\\\
=007  cr||||||||||||
=008  050819c20069999fr\ar\\\s\\\\\0\\\a0eng\\
=022  0\$a1748-782X
=040  \\$aUk$beng$cUk
=082  04$a292.0805
=222  \0$aJournal of Hellenic religion$b(Online)
=245  00$aJournal of Hellenic religion$h[electronic resource].
=260  \\$aNottingham :$bJournal of Hellenic Religion
=264  31$aNice, France :$bMeduse d'or
=310  \\$aAnnual
=336  \\$atext$2rdacontent
=337  \\$acomputer$2rdamedia
=338  \\$aonline resource$2rdacarrier
=588  \\$aLatest issue consulted: Volume 10 (2017); articles viewed October 19 2017.
=776  0\$tJournal of Hellenic religion$x1748-7811
=856  40$uhttp://www.journalofhellenicreligion.markoulakispublications.org.uk/
=856  40$uhttp://www.journalofhellenicreligion.meduse-d-or.fr/
=985  \\$aISSN responsibility transferred from ISSN UK to ISSN France, October 19 2017.
=CAT  \\$a9570$b40$c20050819$lBLL01$h0959
=CAT  \\$a5997$b40$c20090325$lBLL01$h0835
=CAT  \\$a5997$b40$c20090325$lBLL01$h0845
=CAT  \\$a5997$b40$c20090328$lBLL01$h1103
=CAT  \\$a10806$b40$c20161109$lBLL01$h1410
=CAT  \\$a11313$b40$c20171019$lBLL01$h1249
=CAT  \\$a11313$b40$c20171019$lBLL01$h1255
=FIN  \\$aY$d20090328
=FMT  \\$a  SE
=LAS  \\$a11313$b40$c20171019$lBLL01$h1255
=TCO  \\$aCLA$bCLA$c008

