=LDR  05057cas a22010338a 4500
=001  013290106
=003  Uk
=005  20221231144632.0
=007  ta
=008  050909c20079999enkqr\p\\\\\\\0\\\a0eng\\
=022  0\$a1748-9725
=040  \\$aUk$beng$cUk$dUk
=082  04$a004.68$222
=222  \0$aJournal of location based services$b(Print)
=245  00$aJournal of location based services (Print).
=260  \\$aAbingdon :$bTaylor & Francis
=263  \\$a200701
=310  \\$aQuarterly
=336  \\$atext$2rdacontent
=337  \\$aunmediated$2rdamedia
=338  \\$avolume$2rdacarrier
=540  \\$aCurrent copyright fee: GBP46.00$c2\0$5Uk
=856  \\$31850-9999$uhttp://www.tandfonline.com/$xBLDSS
=945  \\$aJournal of location based services.
=979  \\$aBritish Library$bDSC$j5010.552090
=985  \\$aOn completion, add link to Online -1748-9733.
=985  \\$aCorrected by MS generated file for WR# 12.018
=985  \\$aISSN responsibility transferred to the United States ISSN Centre June 2007 (Multinational Publisher Agreement).
=ACF  \\$aPrevious Copyright Fee: GBP31.00$c0$e01-jul-2012$fGBP31.00$g0$hC$5Uk
=ACF  \\$aPrevious Copyright Fee: GBP31.00$c0$e01-apr-2012$fGBP31.00$g0$hC$5Uk
=ACF  \\$aPrevious Copyright Fee: GBP31.00$c0$e01-jan-2012$fGBP31.00$g0$hC$5Uk
=ACF  \\$aPrevious Copyright Fee: GBP26.50$c0$e01-oct-2011$fGBP26.50$g0$hC$5Uk
=ACF  \\$aPrevious Copyright Fee: GBP26.50$c0$e01-jul-2011$fGBP26.50$g0$hC$5Uk
=ACF  \\$aPrevious Copyright Fee: GBP26.50$c0$e01-apr-2011$fGBP26.50$g0$hC$5Uk
=ACF  \\$aPrevious Copyright Fee: GBP26.50$c0$e01-jan-2011$fGBP26.50$g0$hC$5Uk
=ACF  \\$aPrevious Copyright Fee: GBP18.02$c0$e01-oct-2010$fGBP18.02$g0$hC$5Uk
=ACF  \\$aPrevious Copyright Fee: GBP18.02$c0$e01-jul-2010$fGBP18.02$g0$hC$5Uk
=ACF  \\$aPrevious Copyright Fee: GBP18.02$c0$e01-apr-2010$fGBP18.02$g0$hC$5Uk
=ACF  \\$aPrevious Copyright Fee: GBP21.28$c0$e01-Jan-2010$fGBP21.28$g0$hC$5Uk
=ACF  \\$aPrevious Copyright Fee: GBP21.28$c0$e01-oct-2009$fGBP21.28$g0$hC$5Uk
=ACF  \\$aPrevious Copyright Fee: GBP21.28$c0$e01-jul-2009$fGBP21.28$g0$hC$5Uk
=ACF  \\$aPrevious Copyright Fee: GBP21.28$c0$e01-apr-2009$fGBP21.28$g0$hC$5Uk
=ACF  \\$aPrevious Copyright Fee: GBP18.75$c0$e01-jan-2009$fGBP18.75$g0$hC$5Uk
=ACF  \\$aPrevious Copyright Fee: GBP15.00$c0$e01-oct-2008$fGBP15.00$g0$hC$5Uk
=ACF  \\$aPrevious Copyright Fee: GBP15.00$c0$e01-jul-2008$fGBP15.00$g0$hC$5Uk
=ACF  \\$aPrevious Copyright Fee: GBP15.00$c0$e01-apr-2008$fGBP15.00$g0$hC$5Uk
=ACF  \\$aPrevious Copyright Fee: GBP31.00$c0$e01-oct-2012$fGBP31.00$g0$hC$5Uk
=ACF  \\$aPrevious copyright fee: GBP27.00$c2\0$e09-nov-2012$fGBP27.00$g0$hP$5Uk
=ACF  \\$aPrevious copyright fee: GBP27.50$c2\0$e01-jan-2013$fGBP27.50$g0$hP$5Uk
=ACF  \\$aPrevious copyright fee: GBP28.00$c2\0$e01-jan-2014$fGBP28.00$g0$hP$5Uk
=ACF  \\$aPrevious copyright fee: GBP30.00$c2\0$e01-jan-2015$fGBP30.00$g0$hP$5Uk
=ACF  \\$aPrevious copyright fee: GBP34.00$c2\0$e01-jan-2016$fGBP34.00$g0$hP$5Uk
=ACF  \\$aPrevious copyright fee: GBP36.00$c2\0$e01-jan-2017$fGBP36.00$g0$hP$5Uk
=ACF  \\$aPrevious copyright fee: GBP38.00$c2\0$e01-jan-2018$fGBP38.00$g0$hP$5Uk
=ACF  \\$aPrevious copyright fee: GBP40.00$c2\0$e01-jan-2019$fGBP40.00$g0$hP$5Uk
=ACF  \\$aPrevious copyright fee: GBP42.00$c2\0$e01-jan-2020$fGBP42.00$g0$hP$5Uk
=CAT  \\$a6537$b40$c20050909$lBLL01$h1201
=CAT  \\$aBATCH-UPD$b00$c20121121$lBLL01$h1611
=CAT  \\$aIPL-CLA$c20121231$lBLL01$h1316
=CAT  \\$aIPL-CLA$c20130102$lBLL01$h1740
=CAT  \\$aBATCH-UPD$b00$c20131119$lBLL01$h1952
=CAT  \\$aIPL-CLA$c20131231$lBLL01$h2354
=CAT  \\$aBATCH-UPD$b00$c20141124$lBLL01$h1753
=CAT  \\$aBLDSS-3PM$b00$c20141130$lBLL01$h1248
=CAT  \\$aIPL-CLA$c20141231$lBLL01$h1652
=CAT  \\$aBATCH-UPD$b00$c20151119$lBLL01$h1534
=CAT  \\$aIPL-CLA$c20151231$lBLL01$h1922
=CAT  \\$aBATCH-UPD$b00$c20160413$lBLL01$h1820
=CAT  \\$a3072$b40$c20160616$lBLL01$h1609
=CAT  \\$aBATCH-UPD$b40$c20161122$lBLL01$h1500
=CAT  \\$aIPL-CLA$c20161230$lBLL01$h2145
=CAT  \\$a5552$b40$c20170418$lBLL01$h1427
=CAT  \\$aBATCH-UPD$b40$c20171121$lBLL01$h1639
=CAT  \\$aIPL-CLA$c20171231$lBLL01$h1646
=CAT  \\$aBATCH-UPD$b00$c20181217$lBLL01$h1648
=CAT  \\$aIPL-CLA$c20181231$lBLL01$h1542
=CAT  \\$aBATCH-UPD$b00$c20191122$lBLL01$h1910
=CAT  \\$aIPL-CLA$c20191231$lBLL01$h1935
=CAT  \\$aBATCH-UPD$b00$c20201118$lBLL01$h1344
=CAT  \\$aIPL-CLA$c20201231$lBLL01$h1529
=CAT  \\$aBATCH-UPD$b00$c20221121$lBLL01$h1334
=CAT  \\$aIPL-CLA$c20221231$lBLL01$h1446
=CFI  0\$aCurrent copyright fee: GBP46.00$c2\0$e01-jan-2023$fGBP46.00$g0$hP$5Uk
=CFI  2\$aPrevious copyright fee: GBP44.00$c2\0$e01-jan-2021$fGBP44.00$g0$hP$5Uk
=FFP  \\$aY$bBLDSS-3PM
=FMT  \\$a  SE
=LAS  \\$aIPL-CLA$b00$c20221231$lBLL01$h1446
=TCO  \\$aCLA$bCLA$c008
=TOC  \\$aETOC

