=LDR  00897 as a22002898a 4500
=001  013309006
=003  Uk
=005  20070601144755.0
=007  ta
=008  051010c20079999enktr\p\\\\\\\0\\\a0eng\\
=022  0\$a1749-4540
=040  \\$aUk$beng$cUk
=222  \0$aJournal of small states$b(Print)
=245  00$aJournal of small states (Print).
=260  \\$aAbingdon :$bRoutledge
=263  \\$a200701
=310  \\$aThree issue yearly
=336  \\$atext$2rdacontent
=337  \\$aunmediated$2rdamedia
=338  \\$avolume$2rdacarrier
=776  0\$tJournal of small states$c(Online)$x1749-4559
=985  \\$aISSN responsibility transferred to the United States ISSN Centre June 2007 (Multinational Publisher Agreement).
=CAT  \\$a6537$b40$c20051010$lBLL01$h1111
=CAT  \\$a6537$b40$c20070601$lBLL01$h1447
=FMT  \\$a  SE
=LAS  \\$a6537$b40$c20070601$lBLL01$h1447
=TCO  \\$aCLA$bCLA$c008

