=LDR  00948 as a22003018a 4500
=001  013309008
=003  Uk
=005  20070601144712.0
=006  m\\\\\\\\d\|\\\\\\
=007  cr||||||||||||
=008  051010c20079999enkfr\p\s\\\\\0\\\a0eng\\
=022  0\$a1749-4559
=040  \\$aUk$beng$cUk
=222  \0$aJournal of small states$b(Online)
=245  00$aJournal of small states (Online).
=260  \\$aAbingdon :$bRoutledge
=263  \\$a200701
=310  \\$aThree issue yearly
=336  \\$atext$2rdacontent
=337  \\$acomputer$2rdamedia
=338  \\$aonline resource$2rdacarrier
=776  0\$tJournal of small states$c(Print)$x1749-4540
=985  \\$aISSN responsibility transferred to the United States ISSN Centre June 2007 (Multinational Publisher Agreement).
=CAT  \\$a6537$b40$c20051010$lBLL01$h1112
=CAT  \\$a6537$b40$c20070601$lBLL01$h1447
=FMT  \\$a  SE
=LAS  \\$a6537$b40$c20070601$lBLL01$h1447
=TCO  \\$aCLA$bCLA$c008

