=LDR  01801 as a22004457a 4500
=001  013345359
=003  Uk
=005  20160905084535.0
=006  m\\\\\\\\d\|\\\\\\
=007  cr||||||||||||
=008  051124c20069999enkkx\p\s\\\\\0\\\a0eng\\
=022  0\$a1749-8848
=040  \\$aUk$beng$cUk
=222  \0$aPerspectives in agriculture, veterinary science, nutrition and natural resources
=245  00$aPerspectives in agriculture, veterinary science, nutrition and natural resources.$h[electronic resource]
=246  13$aCAB reviews. Perspectives in agriculture, veterinary science, nutrition and natural resources
=260  \\$aWallingford :$bCABI Publishing
=310  \\$aContinuously updated
=336  \\$atext$2rdacontent
=337  \\$acomputer$2rdamedia
=338  \\$aonline resource$2rdacarrier
=516  \\$aPDF format
=538  \\$aMode of access: Internet
=710  2\$aC.A.B. International.
=856  \\$uhttp://www.cababstractsplus.org/cabreviews/
=945  \\$aPerspectives in agriculture veterinary science nutrition and natural resources
=979  \\$aBritish Library$cDSC$j6428.137450N
=985  \\$aISSN responsibility transferred to ISSN International Centre as part of a project to transfer all CABI titles to IC responsibility, September 2016.
=CAT  \\$a11313$b40$c20051124$lBLL01$h1421
=CAT  \\$a6537$b40$c20060622$lBLL01$h1149
=CAT  \\$a6537$b40$c20060717$lBLL01$h1359
=CAT  \\$a6810$b40$c20070206$lBLL01$h1401
=CAT  \\$aWR12_168$c20121206$lBLL01$h1816
=CAT  \\$a11313$b40$c20160905$lBLL01$h0845
=CAT  \\$aW1711-1225$c20171203$lBLL01$h1023
=FIN  \\$aY$d20060622
=FMT  \\$a  SE
=LAS  \\$aW1711-1225$b00$c20171203$lBLL01$h1023
=STA  \\$aSUPPRESSED$bunable to determine reason for suppression
=TCO  \\$aCLA$bCLA$c008

