=LDR  02130aas a2200541 a 4500
=001  013357542
=003  Uk
=005  20110419134640.0
=006  m\\\\\\\\d\\\\\\\\
=007  cr\mnu\\\\\\\\
=008  001002d19992002enkfr\pss\\\\\0\\\a0eng\d
=015  \\$aGBA605126$2bnb
=022  \\$a1469-946X
=037  \\$bCarfax International Publishers, PO Box 25, Abingdon, Oxfordshire, OX14 3UE, UK
=040  \\$aF#A$cF#A$dOCLCQ$dOCL$dUk
=042  \\$aukblsr
=043  \\$ae------
=082  04$a940$222
=130  0\$aJournal of European area studies (Online)
=210  0\$aJ. Eur. area stud.$b(Online)
=222  \0$aJournal of European area Studies$b(Online)
=245  10$aJournal of European area studies$h[electronic resource].
=260  \\$a[Abingdon, Oxfordshire] :$bCarfax International Publishers,$c-c2002.
=310  \\$aSemiannual
=336  \\$atext$2rdacontent
=337  \\$acomputer$2rdamedia
=338  \\$aonline resource$2rdacarrier
=362  1\$aPrint began with vol. 7, no. 1 (May 1999).
=362  0\$a-v. 10, no. 2 (Nov. 2002).
=500  \\$aDescription based on: Vol. 8, no. 1 (May 2000); title from journal information screen (viewed Aug. 30, 2000).
=530  \\$aAlso issued in print.
=538  \\$aMode of access: World Wide Web.
=650  \0$aArea studies$vPeriodicals.
=651  \0$aEurope$vPeriodicals.
=776  1\$tJournal of European area studies$x1460-8464
=785  00$tJournal of contemporary European studies (Online)$x1478-2790
=856  40$uhttp://journalsonline.tandf.co.uk/app/home/journal.asp?wasp=4268654f74ae41ebbfb551adcd30a8e7&referrer=parent&backto=searchpublicationsresults,1,1;homemain,1,1;
=985  \\$aISSN responsibility transferred to US ISSN Centre from ISSN UK Centre, 19.04.2011
=CAT  \\$a11281$b40$c20051210$lBLL01$h1204
=CAT  \\$a11281$b40$c20051210$lBLL01$h1207
=CAT  \\$a11279$b40$c20060323$lBLL01$h1218
=CAT  \\$a3072$b40$c20060323$lBLL01$h1603
=CAT  \\$a11313$b40$c20110419$lBLL01$h1346
=FIN  \\$aY$d20051210
=FMT  \\$a  SE
=LAS  \\$a11313$b40$c20110419$lBLL01$h1346
=SID  \\$aZ39$bOCLC
=TCO  \\$aCLA$bCLA$c008

