=LDR  02799aas a2200637 i 4500
=001  013357744
=003  Uk
=005  20110606151342.0
=006  m\\\\\\\\d\\\\\\\\
=007  cr\\n\\\\\\\\\
=008  990915d19782002enkmr\pss\a\\\0\\\a0eng\d
=010  \\$a00238775
=015  \\$aGBA605275$2bnb
=022  0\$a1460-6992
=037  \\$bTaylor & Francis Inc., 1 Gunpowder Square, London, EC4a 3DE, UK
=040  \\$aEXW$cEXW$dMYG$dIUL$dOCL$dOCLCQ$dEYM$dOCLCQ$dOCL$dUk
=082  04$a530.412$222
=130  0\$aPhilosophical magazine, A (Online)
=210  0\$aPhilos. mag., A$b(Online)
=222  \0$aPhilosophical magazine. A$b(Online)
=245  10$aPhilosophical magazine.$nA$h[electronic resource].
=260  \\$aLondon :$bTaylor & Francis,$c-c2002.
=310  \\$aMonthly
=336  \\$atext$2rdacontent
=337  \\$acomputer$2rdamedia
=338  \\$aonline resource$2rdacarrier
=362  1\$aPrint began with vol. 37, no. 1 (Jan. 1978).
=362  0\$a-v. 82, no. 17/18 (20 Nov. 2002).
=530  \\$aAlso issued in print as: Philosophical magazine. A, Physics of condensed matter, defects and mechanical properties, and: Philosophical magazine. A, Physics of condensed matter. Structures, defects and mechanical properties.
=538  \\$aMode of access: World Wide Web.
=580  \\$aMerged with: Philosophical magazine. B; to become: Philosophical magazine (Abingdon, England : Online).
=580  \\$aShort contributions describing original research in the field can be found also in: Philosophical magazine letters (Online).
=650  \0$aCondensed matter$vPeriodicals.
=650  \0$aSolid state physics$vPeriodicals.
=776  1\$tPhilosophical magazine. A. Physics of condensed matter. Defects and mechanical properties$x0141-8610
=776  1\$tPhilosophical magazine. A. Physics of condensed matter. Structure, defects and mechanical properties$x1364-2804
=785  17$tPhilosophical magazine. B$x1463-6417
=785  17$tPhilosophical magazine (2003 : Online)$x1478-6443
=787  1\$tPhilosophical magazine letters (Online)$x1362-3036
=985  \\$aISSN responsibility transferred to ISSN US Centre -10.3.08
=CAT  \\$a11281$b40$c20051212$lBLL01$h0844
=CAT  \\$a11281$b40$c20051212$lBLL01$h0849
=CAT  \\$a11316$b40$c20060209$lBLL01$h1501
=CAT  \\$a11279$b40$c20060321$lBLL01$h0916
=CAT  \\$a3072$b40$c20060322$lBLL01$h1504
=CAT  \\$aglobal_upd$b40$c20060417$lBLL01$h1909
=CAT  \\$a11316$b40$c20080310$lBLL01$h1516
=CAT  \\$a11249$b40$c20080325$lBLL01$h1421
=CAT  \\$a11316$b40$c20110606$lBLL01$h1513
=FIN  \\$aY$d20051212
=FMT  \\$a  SE
=LAS  \\$a11316$b40$c20110606$lBLL01$h1513
=LEO  \\$aMP22.0000056540
=SID  \\$aZ39$bOCLC
=SRC  \\$aISN01$bbibmp22.200404.2.aa
=TCO  \\$aCLA$bCLA$c008

