=LDR  00996 as a22003138a 4500
=001  013362315
=003  Uk
=005  20070629134448.0
=007  ta
=008  051215c20089999enkqr\p\\\\\\\0\\\a0eng\\
=022  0\$a1750-0702
=040  \\$aUk$beng$cUk
=222  \0$aTransport theory & practice$b(Print)
=245  00$aTransport theory & practice.
=246  3\$aTransport theory and practice
=260  \\$aAbingdon :$bTaylor & Francis
=263  \\$a200803
=310  \\$aQuarterly
=336  \\$atext$2rdacontent
=337  \\$aunmediated$2rdamedia
=338  \\$avolume$2rdacarrier
=776  0\$tTransport theory & practice$c(Online)$x1750-0710
=985  \\$aISSN responsibility transferred to the United States ISSN Centre June 2007 (Multinational Publisher Agreement).
=CAT  \\$a6537$b40$c20051215$lBLL01$h1408
=CAT  \\$a11316$b40$c20070628$lBLL01$h1222
=CAT  \\$a11316$b40$c20070629$lBLL01$h1344
=FMT  \\$a  SE
=LAS  \\$a11316$b40$c20070629$lBLL01$h1344
=TCO  \\$aCLA$bCLA$c008

