=LDR  00899 as a22002778a 4500
=001  013374847
=003  Uk
=005  20070601151718.0
=007  ta
=008  060110c20069999enkar\\\\\\\\\0\\\a0eng\\
=022  0\$a1750-1563
=040  \\$aUk$beng$cUk
=222  \0$aRoutledge mental health psychoanalysis and psychoanalytic psychotherapy
=245  00$aRoutledge mental health psychoanalysis and psychoanalytic psychotherapy.
=260  \\$aHove :$bRoutledge
=263  \\$a200601
=310  \\$aAnnual
=336  \\$atext$2rdacontent
=337  \\$aunmediated$2rdamedia
=338  \\$avolume$2rdacarrier
=985  \\$aISSN responsibility transferred to the United States ISSN Centre June 2007 (Multinational Publisher Agreement).
=CAT  \\$a9570$b40$c20060110$lBLL01$h1423
=CAT  \\$a6537$b40$c20070601$lBLL01$h1517
=FMT  \\$a  SE
=LAS  \\$a6537$b40$c20070601$lBLL01$h1517
=TCO  \\$aCLA$bCLA$c008

