=LDR  00828 as a22002778a 4500
=001  013376101
=003  Uk
=005  20070924151900.0
=007  ta
=008  060111c20079999enkar\p\\\\\\\0\\\a0eng\\
=022  0\$a1750-2357
=040  \\$aUk$beng$cUk
=222  \0$aHandbooks of hospitality management
=245  00$aHandbooks of hospitality management.
=260  \\$aOxford :$bElsevier
=263  \\$a200708
=310  \\$aAnnual
=336  \\$atext$2rdacontent
=337  \\$aunmediated$2rdamedia
=338  \\$avolume$2rdacarrier
=985  \\$aISSN responsibility transferred to the Netherlands ISSN Centre Oct. 2007 (Multinational Publisher Agreement).
=CAT  \\$a6537$b40$c20060111$lBLL01$h0759
=CAT  \\$a11316$b40$c20070924$lBLL01$h1519
=FMT  \\$a  SE
=LAS  \\$a11316$b40$c20070924$lBLL01$h1519
=TCO  \\$aCLA$bCLA$c008

