=LDR  02097 as a22005417a 4500
=001  013376643
=003  Uk
=005  20070301110830.0
=007  ta
=008  060111c20069999enkdr\n\\\\\\\0\\\a0eng\\
=022  0\$a1750-161X
=040  \\$aUk$beng$cUk
=222  \0$aIrish daily mail
=245  00$aIrish daily mail.
=246  17$aDaily mail
=260  \\$aLondon :$bANL
=336  \\$atext$2rdacontent
=337  \\$aunmediated$2rdamedia
=338  \\$avolume$2rdacarrier
=540  \\$aBritish Library not licensed to copy$c0$5Uk
=780  00$tDaily mail (Ireland ed.)
=985  \\$aISSN responsibility transferred to ISSN Ireland 1/3/07
=ACF  \\$aBritish Library not licensed to copy$c0$e01-apr-2013$hC$iCFP Excluded$5Uk
=ACF  \\$aBritish Library not licensed to copy$c0$e01-jul-2013$hC$iCFP Excluded$5Uk
=ACF  \\$aBritish Library not licensed to copy$c0$e01-oct-2013$hC$iCFP Excluded$5Uk
=ACF  \\$aBritish Library not licensed to copy$c0$e01-jan-2014$hC$iCFP Excluded$5Uk
=CAT  \\$a6537$b40$c20060111$lBLL01$h1414
=CAT  \\$a6537$b40$c20060117$lBLL01$h1134
=CAT  \\$a6537$b40$c20060915$lBLL01$h1416
=CAT  \\$a11316$b40$c20070301$lBLL01$h1108
=CAT  \\$aBATCH-CLA$b00$c20130228$lBLL01$h1710
=CAT  \\$aIPL-CLA$c20130331$lBLL01$h1055
=CAT  \\$a540_fix$c20130403$lBLL01$h2014
=CAT  \\$aBATCH-CLA$b00$c20130531$lBLL01$h1648
=CAT  \\$aIPL-CLA$c20130701$lBLL01$h0056
=CAT  \\$aBATCH-CLA$b00$c20130830$lBLL01$h1629
=CAT  \\$aIPL-CLA$c20130930$lBLL01$h1745
=CAT  \\$aBATCH-CLA$b00$c20131129$lBLL01$h1658
=CAT  \\$aIPL-CLA$c20131231$lBLL01$h2359
=CAT  \\$aBATCH-CLA$b00$c20140228$lBLL01$h1617
=CAT  \\$aIPL-CLA$c20140331$lBLL01$h1628
=CAT  \\$aBATCH-CLA$b00$c20140530$lBLL01$h1714
=CAT  \\$aIPL-CLA$c20140630$lBLL01$h1726
=CFI  0\$aBritish Library not licensed to copy$c0$e01-jul-2014$hC$iCFP Excluded$5Uk
=CFI  2\$aBritish Library not licensed to copy$c0$e01-apr-2014$hC$iCFP Excluded$5Uk
=FMT  \\$a  SE
=LAS  \\$aIPL-CLA$b00$c20140630$lBLL01$h1726
=TCO  \\$aCLA$bCLA$c008

