=LDR  00984 as a22003018a 4500
=001  013405433
=003  Uk
=005  20070924152425.0
=007  ta
=008  060216c20069999enkfr\p\\\\\\\0\\\a0eng\\
=022  0\$a1750-4961
=040  \\$aUk$beng$cUk
=210  0\$aInt. j. ophthal.
=222  \0$aInternational journal of ophthalmology
=245  00$aInternational journal of ophthalmology :$bthe official journal of the International Retina Foundation.
=260  \\$aOxford :$bElsevier
=263  \\$a200605
=310  \\$aSemi-annual
=336  \\$atext$2rdacontent
=337  \\$aunmediated$2rdamedia
=338  \\$avolume$2rdacarrier
=985  \\$aISSN responsibility transferred to the Netherlands ISSN Centre Oct. 2007 (Multinational Publisher Agreement).
=CAT  \\$a6537$b40$c20060216$lBLL01$h1500
=CAT  \\$a11316$b40$c20070921$lBLL01$h1203
=CAT  \\$a11316$b40$c20070924$lBLL01$h1524
=FMT  \\$a  SE
=LAS  \\$a11316$b40$c20070924$lBLL01$h1524
=TCO  \\$aCLA$bCLA$c008

