=LDR  03246cas a22007698a 4500
=001  013406649
=003  Uk
=005  20211231154331.0
=007  ta
=008  060220c20079999enkqr\p\\\\\\\0\\\a0eng\\
=022  0\$a1750-5836
=040  \\$aUk$beng$cUk
=082  04$a363.738746$222
=222  \0$aInternational journal of greenhouse gas control
=245  00$aInternational journal of greenhouse gas control.
=260  \\$aOxford :$bElsevier
=263  \\$a200701
=310  \\$aQuarterly
=336  \\$atext$2rdacontent
=337  \\$aunmediated$2rdamedia
=338  \\$avolume$2rdacarrier
=540  \\$aCurrent copyright fee: GBP34.30$c5\1$5Uk
=776  08$iAlso issued online as:$tInternational journal of greenhouse gas control$x1878-0148
=856  \\$31850-9999$uhttp://www.elsevier.com/journals$xBLDSS
=945  \\$aInternational journal of greenhouse gas control.
=979  \\$aBritish Library$bDSC$j4542.268600
=985  \\$aCorrected by MS generated file for WR# 12.018
=985  \\$aISSN responsibility transferred to the Netherlands ISSN Centre Oct. 2007 (Multinational Publisher Agreement).
=ACF  \\$aPrevious copyright fee: GBP19.00$c5\5$e01-jan-2008$fGBP19.00$g0$hP$5Uk
=ACF  \\$aPrevious Copyright Fee: GBP18.00$c5\5$e14-sep-2006$fGBP18.00$g0$hP$5Uk
=ACF  \\$aPrevious copyright fee: GBP20.00$c5\1$e01-jan-2009$fGBP20.00$g0$hP$5Uk
=ACF  \\$aPrevious copyright fee: GBP21.00$c5\1$e01-jan-2012$fGBP21.00$g0$hP$5Uk
=ACF  \\$aPrevious copyright fee: GBP22.50$c5\1$e01-jan-2013$fGBP22.50$g0$hP$5Uk
=ACF  \\$aPrevious copyright fee: GBP23.40$c5\1$e01-jan-2018$fGBP23.40$g0$hP$5Uk
=CAT  \\$a11316$b40$c20060220$lBLL01$h0929
=CAT  \\$aBATCH-UPD$b40$c20071231$lBLL01$h2150
=CAT  \\$aBATCH$b00$c20071231$lBLL01$h2253
=CAT  \\$aBATCH-UPD$b00$c20081119$lBLL01$h1608
=CAT  \\$aBATCH-UPD$b00$c20081231$lBLL01$h2323
=CAT  \\$aBATCH-UPD$b00$c20090101$lBLL01$h0055
=CAT  \\$aBATCH$b00$c20090101$lBLL01$h0230
=CAT  \\$aWR11_155$c20111021$lBLL01$h1325
=CAT  \\$aWR11_155$c20111114$lBLL01$h1646
=CAT  \\$aBATCH-UPD$b00$c20111123$lBLL01$h1853
=CAT  \\$aIPL-CLA$c20111230$lBLL01$h2024
=CAT  \\$aBLSS-CORR$b00$c20120724$lBLL01$h1800
=CAT  \\$aBATCH-CLA$b00$c20121109$lBLL01$h1727
=CAT  \\$aBATCH-UPD$b00$c20121121$lBLL01$h1657
=CAT  \\$aIPL-CLA$c20121231$lBLL01$h1319
=CAT  \\$aIPL-CLA$c20130102$lBLL01$h1744
=CAT  \\$aBLDSS-3PM$b00$c20141222$lBLL01$h1715
=CAT  \\$a8483$b40$c20150415$lBLL01$h1153
=CAT  \\$aBATCH-UPD$b40$c20160413$lBLL01$h1820
=CAT  \\$a5552$b40$c20170505$lBLL01$h1530
=CAT  \\$aBATCH-UPD$b40$c20171121$lBLL01$h1746
=CAT  \\$aIPL-CLA$c20171231$lBLL01$h1652
=CAT  \\$aBATCH-UPD$b00$c20190521$lBLL01$h1437
=CAT  \\$aIPL-CLA$c20190630$lBLL01$h1535
=CAT  \\$aBATCH-UPD$b00$c20211119$lBLL01$h1555
=CAT  \\$aIPL-CLA$c20211231$lBLL01$h1543
=CFI  0\$aCurrent copyright fee: GBP34.30$c5\1$e01-jan-2022$fGBP34.30$g0$hP$5Uk
=CFI  2\$aPrevious copyright fee: GBP32.84$c5\1$e01-jul-2019$fGBP32.84$g0$hP$5Uk
=FFP  \\$aY$bBLDSS-3PM
=FMT  \\$a  SE
=LAS  \\$aIPL-CLA$b00$c20211231$lBLL01$h1543
=TCO  \\$aCLA$bCLA$c008
=TOC  \\$aETOC

