=LDR  04297cas a22009018a 4500
=001  013410256
=003  Uk
=005  20230210010440.0
=007  ta
=008  060222c20069999enkqr\p\\\\\\\0\\\a0eng\\
=022  0\$a1750-6549
=040  \\$aUk$beng$cUk
=222  \0$aJournal of cancer$b(Qualify)
=245  00$aJournal of cancer.
=260  \\$aOxford :$bElsevier
=263  \\$a200610
=310  \\$aQuarterly
=336  \\$atext$2rdacontent
=337  \\$aunmediated$2rdamedia
=338  \\$avolume$2rdacarrier
=540  \\$aCurrent Copyright Fee: GBP34.00$c0$5Uk
=985  \\$aISSN responsibility transferred to the Netherlands ISSN Centre Oct. 2007 (Multinational Publisher Agreement).
=ACF  \\$aPrevious Copyright Fee: GBP21.00$c0$e01-apr-2012$fGBP21.00$g0$hC$5Uk
=ACF  \\$aPrevious Copyright Fee: GBP21.00$c0$e01-jan-2012$fGBP21.00$g0$hC$5Uk
=ACF  \\$aPrevious Copyright Fee: GBP20.00$c0$e01-oct-2011$fGBP20.00$g0$hC$5Uk
=ACF  \\$aPrevious Copyright Fee: GBP20.00$c0$e01-jul-2011$fGBP20.00$g0$hC$5Uk
=ACF  \\$aPrevious Copyright Fee: GBP20.00$c0$e01-apr-2011$fGBP20.00$g0$hC$5Uk
=ACF  \\$aPrevious Copyright Fee: GBP20.00$c0$e01-jan-2011$fGBP20.00$g0$hC$5Uk
=ACF  \\$aPrevious Copyright Fee: GBP20.00$c0$e01-oct-2010$fGBP20.00$g0$hC$5Uk
=ACF  \\$aPrevious Copyright Fee: GBP20.00$c0$e01-jul-2010$fGBP20.00$g0$hC$5Uk
=ACF  \\$aPrevious Copyright Fee: GBP20.00$c0$e01-apr-2010$fGBP20.00$g0$hC$5Uk
=ACF  \\$aPrevious Copyright Fee: GBP20.00$c0$e01-Jan-2010$fGBP20.00$g0$hC$5Uk
=ACF  \\$aPrevious Copyright Fee: GBP20.00$c0$e01-oct-2009$fGBP20.00$g0$hC$5Uk
=ACF  \\$aPrevious Copyright Fee: GBP20.00$c0$e01-jul-2009$fGBP20.00$g0$hC$5Uk
=ACF  \\$aPrevious Copyright Fee: GBP20.00$c0$e01-apr-2009$fGBP20.00$g0$hC$5Uk
=ACF  \\$aPrevious Copyright Fee: GBP20.00$c0$e01-jan-2009$fGBP20.00$g0$hC$5Uk
=ACF  \\$aPrevious Copyright Fee: GBP19.00$c0$e01-oct-2008$fGBP19.00$g0$hC$5Uk
=ACF  \\$aPrevious Copyright Fee: GBP19.00$c0$e01-jul-2008$fGBP19.00$g0$hC$5Uk
=ACF  \\$aPrevious Copyright Fee: GBP19.00$c0$e01-apr-2008$fGBP19.00$g0$hC$5Uk
=ACF  \\$aPrevious Copyright Fee: GBP19.00$c0$e01-jan-2008$fGBP19.00$g0$hC$5Uk
=ACF  \\$aPrevious Copyright Fee: GBP21.00$c0$e01-jul-2012$fGBP21.00$g0$hC$5Uk
=ACF  \\$aPrevious Copyright Fee: GBP21.00$c0$e01-oct-2012$fGBP21.00$g0$hC$5Uk
=ACF  \\$aPrevious Copyright Fee: GBP22.50$c0$e01-jan-2016$fGBP22.50$g0$hC$5Uk
=ACF  \\$aPrevious Copyright Fee: GBP23.40$c0$e01-jan-2018$fGBP23.40$g0$hC$5Uk
=ACF  \\$aPrevious Copyright Fee: GBP34.00$c0$e01-apr-2021$fGBP34.00$g0$hC$5Uk
=CAT  \\$a11313$b40$c20060222$lBLL01$h1401
=CAT  \\$aBATCH-CLA$b00$c20101115$lBLL01$h1605
=CAT  \\$aIPL-CLA$c20101231$lBLL01$h1518
=CAT  \\$aBATCH-CLA$b00$c20110228$lBLL01$h1536
=CAT  \\$aIPL-CLA$c20110331$lBLL01$h1505
=CAT  \\$aBATCH-CLA$b00$c20110531$lBLL01$h1630
=CAT  \\$aIPL-CLA$c20110630$lBLL01$h1546
=CAT  \\$aBATCH-CLA$b00$c20110831$lBLL01$h1751
=CAT  \\$aIPL-CLA$c20110930$lBLL01$h1550
=CAT  \\$aBATCH-CLA$b00$c20111130$lBLL01$h1213
=CAT  \\$aIPL-CLA$c20111230$lBLL01$h2024
=CAT  \\$aBATCH-CLA$b00$c20120229$lBLL01$h1624
=CAT  \\$aIPL-CLA$c20120330$lBLL01$h1437
=CAT  \\$aBATCH-CLA$b00$c20120531$lBLL01$h1701
=CAT  \\$aIPL-CLA$c20120629$lBLL01$h1036
=CAT  \\$aBATCH-CLA$b00$c20120831$lBLL01$h1530
=CAT  \\$aIPL-CLA$c20120930$lBLL01$h2124
=CAT  \\$aBATCH-CLA$b00$c20121109$lBLL01$h1727
=CAT  \\$aBATCH-CLA$b00$c20151127$lBLL01$h1627
=CAT  \\$aIPL-CLA$c20151231$lBLL01$h1923
=CAT  \\$aBATCH-CLA$b00$c20171130$lBLL01$h1706
=CAT  \\$aIPL-CLA$c20171231$lBLL01$h1652
=CAT  \\$aBATCH-CLA$b00$c20210227$lBLL01$h1013
=CAT  \\$aIPL-CLA$c20210331$lBLL01$h1844
=CAT  \\$aBATCH-CLA$b00$c20221130$lBLL01$h1447
=CAT  \\$aIPL-CLA$c20221231$lBLL01$h2119
=CAT  \\$aBATCH-CLA$b00$c20230209$lBLL01$h1533
=CAT  \\$aIPL-CLA$c20230210$lBLL01$h0104
=CFI  0\$aCurrent Copyright Fee: GBP34.00$c0$e09-feb-2023$fGBP34.00$g0$hC$5Uk
=CFI  2\$aBritish Library not licensed to copy$c0$e01-jan-2023$hC$iCFP Excluded$5Uk
=FMT  \\$a  SE
=LAS  \\$aIPL-CLA$b00$c20230210$lBLL01$h0104
=TCO  \\$aCLA$bCLA$c008

