=LDR  03643cas a22007817a 4500
=001  013412970
=003  Uk
=005  20230930080853.0
=007  ta
=008  060227c20069999sw\\x\m\\\\\\\0\\\a0eng\\
=022  0\$a1750-7014
=040  \\$aUk$beng$cUk
=222  \0$aInternational journal of qualitative studies on health and well-being. Supplement$b(Print)
=245  00$aInternational journal of qualitative studies on health and well-being.$pSupplement.
=260  \\$aStockholm :$bTaylor & Francis
=310  \\$aIrregular
=336  \\$atext$2rdacontent
=337  \\$aunmediated$2rdamedia
=338  \\$avolume$2rdacarrier
=540  \\$aCurrent Copyright Fee: zero$c2\0$5Uk
=772  0\$tInternational journal of qualitative studies on health and well-being.$c(Print)$x1748-2623
=776  0\$tInternational journal of qualitative studies on health and well-being. Supplement$c(Online)$x1750-7022
=856  \\$31850-9999$uhttp://informahealthcare.com$xBLDSS
=945  \\$aInternational journal of qualitative studies on health and well being -supplement-.
=979  \\$aBritish Library$bDSC$j4542.509801N
=985  \\$aISSN responsibility transferred to U.S. Center, 25/06/15
=ACF  \\$aPrevious copyright fee: GBP38.00$c45\0$e01-jan-2018$fGBP38.00$g0$hP$5Uk
=ACF  \\$aCurrent Copyright Fee: GBP18.00$c0$e01-oct-2008$fGBP18.00$g0$hC$5Uk
=ACF  \\$aPrevious copyright fee: GBP57.00$c45\0$e10-nov-2009$fGBP57.00$g0$hP$5Uk
=ACF  \\$aPrevious copyright fee: GBP33.00$c45\0$e01-apr-2015$fGBP33.00$g0$hP$5Uk
=ACF  \\$aPrevious copyright fee: GBP34.00$c45\0$e01-jan-2016$fGBP34.00$g0$hP$5Uk
=ACF  \\$aPrevious copyright fee: GBP36.00$c45\0$e01-jan-2017$fGBP36.00$g0$hP$5Uk
=ACF  \\$aPrevious copyright fee: GBP40.00$c45\0$e01-jan-2019$fGBP40.00$g0$hP$5Uk
=CAT  \\$a6537$b40$c20060227$lBLL01$h1421
=CAT  \\$aBATCH-CLA$b00$c20080829$lBLL01$h1835
=CAT  \\$aBATCH-UPD$b00$c20081001$lBLL01$h0012
=CAT  \\$aBATCH$b00$c20081001$lBLL01$h0128
=CAT  \\$a5552$b40$c20091110$lBLL01$h0940
=CAT  \\$aBATCH-UPD$b40$c20121125$lBLL01$h1435
=CAT  \\$aBLDSS-3PM$b00$c20141121$lBLL01$h1802
=CAT  \\$a5552$b40$c20150209$lBLL01$h1316
=CAT  \\$aIPL-CLA$c20150331$lBLL01$h1643
=CAT  \\$a10806$b40$c20150625$lBLL01$h1011
=CAT  \\$aBATCH-UPD$b40$c20151119$lBLL01$h1559
=CAT  \\$aIPL-CLA$c20151231$lBLL01$h1923
=CAT  \\$aBATCH-UPD$b00$c20160413$lBLL01$h1820
=CAT  \\$aBATCH-UPD$b00$c20160524$lBLL01$h2148
=CAT  \\$aBATCH-UPD$b00$c20160524$lBLL01$h2159
=CAT  \\$aBATCH-UPD$b00$c20161122$lBLL01$h1538
=CAT  \\$aIPL-CLA$c20161230$lBLL01$h2153
=CAT  \\$a5552$b40$c20170504$lBLL01$h0909
=CAT  \\$aBATCH-UPD$b40$c20171121$lBLL01$h1718
=CAT  \\$aIPL-CLA$c20171231$lBLL01$h1652
=CAT  \\$aBATCH-UPD$b00$c20181217$lBLL01$h1705
=CAT  \\$aIPL-CLA$c20181231$lBLL01$h1544
=CAT  \\$a5552$b40$c20190212$lBLL01$h0906
=CAT  \\$aBATCH-FIX$c20230511$lBLL01$h1629
=CAT  \\$aR2308-1440$c20230824$lBLL01$h0928
=CAT  \\$aIPL-CLA$c20230930$lBLL01$h0808
=CFI  0\$aCurrent Copyright Fee: zero$c2\0$e01-oct-2023$fGBP0.00$g0$hP$5Uk
=CFI  2\$aPrevious Copyright Fee: zero$c45\0$e12-feb-2019$fGBP0.00$g0$hP$5Uk
=FFP  \\$aY$bBLDSS-3PM
=FIN  \\$aY$d20070120
=FMT  \\$a  SE
=LAS  \\$aIPL-CLA$b00$c20230930$lBLL01$h0808
=LKR  \\$aPAR$b013412978$lBLL01$r776$mInternational journal of qualitative studies on health and well-being. Supplement (Print)$nInternational journal of qualitative studies on health and well-being. Supplement (Online)
=TCO  \\$aXXX$c008
=TOC  \\$aETOC

