=LDR  02426cas a22005897a 4500
=001  013412978
=003  Uk
=005  20230930080854.0
=006  m\\\\\\\\d\|\\\\\\
=007  cr||||||||||||
=008  060227c20069999enk\x\m\s\\\\\0\\\a0eng\\
=022  0\$a1750-7022
=040  \\$aUk$beng$cUk
=222  \0$aInternational journal of qualitative studies on health and well-being. Supplement$b(Online)
=245  00$aInternational journal of qualitative studies on health and well-being.$pSupplement
=260  \\$a[London] :$bTaylor & Francis
=310  \\$aIrregular
=336  \\$atext$2rdacontent
=337  \\$acomputer$2rdamedia
=338  \\$aonline resource$2rdacarrier
=540  \\$aCurrent Copyright Fee: zero$c2\0$5Uk
=772  0\$tInternational journal of qualitative studies on health and well-being$c(Online)$x1748-2631
=776  0\$tInternational journal of qualitative studies on health and well-being. Supplement$c(Print)$x1750-7014
=856  \\$31850-9999$uhttp://www.tandfonline.com/$xBLDSS
=856  40$uhttp://www.tandf.co.uk/journals/titles/17482623.asp
=945  \\$aInternational journal of qualitative studies on health and well-being supplement
=979  \\$aBritish Library$bDSC$j4542.509801N
=985  \\$aISSN responsibility transferred to U.S. Center, 25/06/15
=CAT  \\$a6537$b40$c20060227$lBLL01$h1424
=CAT  \\$a5552$b40$c20060505$lBLL01$h0954
=CAT  \\$aBATCH-UPD$b40$c20060901$lBLL01$h1001
=CAT  \\$aBATCH-UPD$b40$c20060901$lBLL01$h1032
=CAT  \\$aBATCH-UPD$b40$c20061122$lBLL01$h1118
=CAT  \\$aBATCH-UPD$b40$c20061229$lBLL01$h2021
=CAT  \\$aBATCH-UPD$b40$c20061229$lBLL01$h2109
=CAT  \\$aBATCH$b00$c20061229$lBLL01$h2156
=CAT  \\$a6537$b40$c20070120$lBLL01$h1146
=CAT  \\$aISSN$b40$c20070221$lBLL01$h1139
=CAT  \\$a10806$b40$c20150625$lBLL01$h1010
=CAT  \\$a5552$b40$c20190212$lBLL01$h0906
=CAT  \\$aBLDSS-3PM$b00$c20190221$lBLL01$h0755
=CAT  \\$aBATCH-UPD$b00$c20190221$lBLL01$h0756
=CAT  \\$aR2308-1440$c20230824$lBLL01$h0928
=CAT  \\$aIPL-CLA$c20230930$lBLL01$h0808
=CFI  0\$aCurrent Copyright Fee: zero$c2\0$e01-oct-2023$fGBP0.00$g0$hP$5Uk
=CFI  2\$aPrevious Copyright Fee: zero$c45\0$e12-feb-2019$fGBP0.00$g0$hP$5Uk
=FFP  \\$aY$bBLDSS-3PM
=FIN  \\$aY$d20070120
=FMT  \\$a  SE
=LAS  \\$aIPL-CLA$b00$c20230930$lBLL01$h0808
=TCO  \\$aCLA$bCLA$c008
=TOC  \\$aETOC

