=LDR  01197 as a22003497a 4500
=001  013432846
=003  Uk
=005  20160905084605.0
=006  m\\\\\\\\d\|\\\\\\
=007  cr||||||||||||
=008  060322c20069999enkar\\\\\\\\\0\\\a0eng\\
=022  0\$a1750-9564
=040  \\$aUk$beng$cUk
=222  \0$aAquaculture compendium$b(Online)
=245  00$aAquaculture compendium$h[electronic resource].
=260  \\$aWallingford :$bCAB International
=310  \\$aAnnual
=336  \\$atext$2rdacontent
=337  \\$acomputer$2rdamedia
=338  \\$aonline resource$2rdacarrier
=710  2\$aC.A.B. International.
=776  0\$tAquaculture compendium$c(CD-ROM)$x1750-9572
=856  40$uhttp://www.cabi.org/compendia/ac/index.asp
=985  \\$aISSN responsibility transferred to ISSN International Centre as part of a project to transfer all CABI titles to IC responsibility, September 2016.
=CAT  \\$a11316$b40$c20060322$lBLL01$h1124
=CAT  \\$a11316$b40$c20060322$lBLL01$h1125
=CAT  \\$aISSN$b40$c20081125$lBLL01$h1419
=CAT  \\$a11313$b40$c20160905$lBLL01$h0846
=FIN  \\$aY$d20081125
=FMT  \\$a  SE
=LAS  \\$a11313$b40$c20160905$lBLL01$h0846
=TCO  \\$aCLA$bCLA$c008

