=LDR  00912 as a22002898a 4500
=001  013443785
=003  Uk
=005  20070601124750.0
=007  ta
=008  060405c20079999enkqr\\\\\\\\\0\\\a0eng\\
=022  0\$a1751-0821
=040  \\$aUk$beng$cUk
=222  \0$aApplied portfolio management$b(Print)
=245  00$aApplied portfolio management (Print).
=260  \\$aAbingdon :$bTaylor and Francis
=263  \\$a200701
=310  \\$aQuarterly
=336  \\$atext$2rdacontent
=337  \\$aunmediated$2rdamedia
=338  \\$avolume$2rdacarrier
=776  0\$tApplied portfolio management$c(Online)$x1751-083X
=985  \\$aISSN responsibility transferred to the United States ISSN Centre June 2007 (Multinational Publisher Agreement).
=CAT  \\$a9570$b40$c20060405$lBLL01$h1200
=CAT  \\$a6537$b40$c20070601$lBLL01$h1247
=FMT  \\$a  SE
=LAS  \\$a6537$b40$c20070601$lBLL01$h1247
=TCO  \\$aCLA$bCLA$c008

