=LDR  00963 as a22003018a 4500
=001  013443792
=003  Uk
=005  20070601124805.0
=006  m\\\\\\\\d\|\\\\\\
=007  cr||||||||||||
=008  060405c20079999enkqr\\\s\\\\\0\\\a0eng\\
=022  0\$a1751-083X
=040  \\$aUk$beng$cUk
=222  \0$aApplied portfolio management$b(Online)
=245  00$aApplied portfolio management (Online).
=260  \\$aAbingdon :$bTaylor and Francis
=263  \\$a200701
=310  \\$aQuarterly
=336  \\$atext$2rdacontent
=337  \\$acomputer$2rdamedia
=338  \\$aonline resource$2rdacarrier
=776  0\$tApplied portfolio management$c(Print)$x1751-0821
=985  \\$aISSN responsibility transferred to the United States ISSN Centre June 2007 (Multinational Publisher Agreement).
=CAT  \\$a9570$b40$c20060405$lBLL01$h1202
=CAT  \\$a6537$b40$c20070601$lBLL01$h1248
=FMT  \\$a  SE
=LAS  \\$a6537$b40$c20070601$lBLL01$h1248
=TCO  \\$aCLA$bCLA$c008

