=LDR  05042cas a22010338a 4500
=001  013448835
=003  Uk
=005  20221231144732.0
=007  ta
=008  060412c20079999enktr\p\\\\\\\0\\\a0eng\\
=022  0\$a1751-1321
=040  \\$aUk$beng$cUk
=082  04$a796.01$222
=222  \0$aSport, ethics and philosophy$b(Print)
=245  00$aSport, ethics and philosophy (Print).
=260  \\$aAbingdon :$bTaylor & Francis
=263  \\$a200703
=310  \\$aThree issues yearly
=336  \\$atext$2rdacontent
=337  \\$aunmediated$2rdamedia
=338  \\$avolume$2rdacarrier
=540  \\$aCurrent copyright fee: GBP37.00$c2\0$5Uk
=776  0\$tSport, ethics and philosophy$c(Online)$x1751-133X
=856  \\$31850-9999$uhttp://www.tandfonline.com/$xBLDSS
=945  \\$aSport ethics and philosophy.
=979  \\$aBritish Library$bDSC$j8419.523000
=985  \\$aCorrected by MS generated file for WR# 12.018
=985  \\$aISSN responsibility transferred to the United States ISSN Centre June 2007 (Multinational Publisher Agreement).
=ACF  \\$aPrevious Copyright Fee: GBP26.00$c0$e01-apr-2012$fGBP26.00$g0$hC$5Uk
=ACF  \\$aPrevious Copyright Fee: GBP26.00$c0$e01-jan-2012$fGBP26.00$g0$hC$5Uk
=ACF  \\$aPrevious Copyright Fee: GBP22.26$c0$e01-oct-2011$fGBP22.26$g0$hC$5Uk
=ACF  \\$aPrevious Copyright Fee: GBP22.26$c0$e01-jul-2011$fGBP22.26$g0$hC$5Uk
=ACF  \\$aPrevious Copyright Fee: GBP22.26$c0$e01-apr-2011$fGBP22.26$g0$hC$5Uk
=ACF  \\$aPrevious Copyright Fee: GBP22.26$c0$e01-jan-2011$fGBP22.26$g0$hC$5Uk
=ACF  \\$aPrevious Copyright Fee: GBP17.02$c0$e01-oct-2010$fGBP17.02$g0$hC$5Uk
=ACF  \\$aPrevious Copyright Fee: GBP17.02$c0$e01-jul-2010$fGBP17.02$g0$hC$5Uk
=ACF  \\$aPrevious Copyright Fee: GBP17.02$c0$e01-apr-2010$fGBP17.02$g0$hC$5Uk
=ACF  \\$aPrevious Copyright Fee: GBP17.02$c0$e01-Jan-2010$fGBP17.02$g0$hC$5Uk
=ACF  \\$aPrevious Copyright Fee: GBP17.02$c0$e01-oct-2009$fGBP17.02$g0$hC$5Uk
=ACF  \\$aPrevious Copyright Fee: GBP17.02$c0$e01-jul-2009$fGBP17.02$g0$hC$5Uk
=ACF  \\$aPrevious Copyright Fee: GBP17.02$c0$e01-apr-2009$fGBP17.02$g0$hC$5Uk
=ACF  \\$aPrevious Copyright Fee: GBP18.75$c0$e01-jan-2009$fGBP18.75$g0$hC$5Uk
=ACF  \\$aPrevious Copyright Fee: GBP15.00$c0$e01-oct-2008$fGBP15.00$g0$hC$5Uk
=ACF  \\$aPrevious Copyright Fee: GBP15.00$c0$e01-jul-2008$fGBP15.00$g0$hC$5Uk
=ACF  \\$aPrevious Copyright Fee: GBP15.00$c0$e01-apr-2008$fGBP15.00$g0$hC$5Uk
=ACF  \\$aPrevious Copyright Fee: GBP26.00$c0$e01-jul-2012$fGBP26.00$g0$hC$5Uk
=ACF  \\$aPrevious Copyright Fee: GBP26.00$c0$e01-oct-2012$fGBP26.00$g0$hC$5Uk
=ACF  \\$aPrevious Copyright Fee: GBP27.00$c0$e01-jan-2013$fGBP27.00$g0$hC$5Uk
=ACF  \\$aPrevious Copyright Fee: GBP28.75$c0$e01-jan-2015$fGBP28.75$g0$hC$5Uk
=ACF  \\$aPrevious Copyright Fee: GBP27.60$c0$e01-jan-2014$fGBP27.60$g0$hC$5Uk
=ACF  \\$aPrevious Copyright Fee: GBP25.00$c2\0$e24-feb-2015$fGBP25.00$g0$hP$5Uk
=ACF  \\$aPrevious copyright fee: GBP26.00$c2\0$e01-jan-2016$fGBP26.00$g0$hP$5Uk
=ACF  \\$aPrevious copyright fee: GBP28.00$c2\0$e01-jan-2017$fGBP28.00$g0$hP$5Uk
=ACF  \\$aPrevious copyright fee: GBP30.00$c2\0$e01-jan-2018$fGBP30.00$g0$hP$5Uk
=ACF  \\$aPrevious copyright fee: GBP32.00$c2\0$e01-jan-2019$fGBP32.00$g0$hP$5Uk
=ACF  \\$aPrevious copyright fee: GBP34.00$c2\0$e01-jan-2020$fGBP34.00$g0$hP$5Uk
=CAT  \\$a9570$b40$c20060412$lBLL01$h1427
=CAT  \\$aIPL-CLA$c20121231$lBLL01$h1319
=CAT  \\$aIPL-CLA$c20130102$lBLL01$h1745
=CAT  \\$aBATCH-CLA$b00$c20131129$lBLL01$h1649
=CAT  \\$aIPL-CLA$c20140101$lBLL01$h0002
=CAT  \\$aBATCH-CLA$b00$c20141128$lBLL01$h0926
=CAT  \\$aIPL-CLA$c20141231$lBLL01$h1654
=CAT  \\$a5552$b40$c20150224$lBLL01$h1602
=CAT  \\$aBLDSS-3PM$b00$c20150513$lBLL01$h0806
=CAT  \\$aBATCH-UPD$b00$c20151119$lBLL01$h1544
=CAT  \\$aIPL-CLA$c20151231$lBLL01$h1924
=CAT  \\$aBATCH-UPD$b00$c20160413$lBLL01$h1820
=CAT  \\$aBATCH-UPD$b00$c20161122$lBLL01$h1513
=CAT  \\$aBATCH-UPD$b00$c20161122$lBLL01$h1616
=CAT  \\$aIPL-CLA$c20161230$lBLL01$h2155
=CAT  \\$a5552$b40$c20170221$lBLL01$h1359
=CAT  \\$aBATCH-UPD$b40$c20171121$lBLL01$h1648
=CAT  \\$aIPL-CLA$c20171231$lBLL01$h1654
=CAT  \\$aBATCH-UPD$b00$c20181217$lBLL01$h1638
=CAT  \\$aIPL-CLA$c20181231$lBLL01$h1544
=CAT  \\$aBATCH-UPD$b00$c20191122$lBLL01$h1900
=CAT  \\$aIPL-CLA$c20191231$lBLL01$h1939
=CAT  \\$aBATCH-UPD$b00$c20201118$lBLL01$h1334
=CAT  \\$aIPL-CLA$c20201231$lBLL01$h1530
=CAT  \\$aBATCH-UPD$b00$c20221121$lBLL01$h1347
=CAT  \\$aIPL-CLA$c20221231$lBLL01$h1447
=CFI  0\$aCurrent copyright fee: GBP37.00$c2\0$e01-jan-2023$fGBP37.00$g0$hP$5Uk
=CFI  2\$aPrevious copyright fee: GBP35.00$c2\0$e01-jan-2021$fGBP35.00$g0$hP$5Uk
=FFP  \\$aY$bBLDSS-3PM
=FMT  \\$a  SE
=LAS  \\$aIPL-CLA$b00$c20221231$lBLL01$h1447
=TCO  \\$aCLA$bCLA$c008
=TOC  \\$aETOC

