=LDR  02056cas a22005298a 4500
=001  013468329
=003  Uk
=005  20211231154338.0
=007  ta
=008  060515c20069999enkar\p\\\\\\\0\\\a0eng\\
=022  0\$a1751-3243
=040  \\$aUk$beng$cUk
=222  \0$aHandbooks of management accounting research
=245  00$aHandbooks of management accounting research.
=260  \\$aOxford :$bElsevier
=263  \\$a200611
=310  \\$aAnnual
=336  \\$atext$2rdacontent
=337  \\$aunmediated$2rdamedia
=338  \\$avolume$2rdacarrier
=540  \\$aCurrent copyright fee: GBP34.30$c5\1$5Uk
=856  \\$31850-9999$uhttp://www.elsevier.com/journals$xBLDSS
=985  \\$aISSN responsibility transferred to the Netherlands ISSN Centre Oct. 2007 (Multinational Publisher Agreement).
=ACF  \\$aPrevious copyright fee: GBP21.00$c5\1$e27-nov-2012$fGBP21.00$g0$hP$5Uk
=ACF  \\$aPrevious copyright fee: GBP22.50$c5\1$e01-jan-2013$fGBP22.50$g0$hP$5Uk
=ACF  \\$aPrevious copyright fee: GBP23.40$c5\1$e01-jan-2018$fGBP23.40$g0$hP$5Uk
=CAT  \\$a11313$b40$c20060515$lBLL01$h1303
=CAT  \\$a11316$b40$c20070924$lBLL01$h1519
=CAT  \\$a5552$b40$c20121127$lBLL01$h1115
=CAT  \\$aIPL-CLA$c20121231$lBLL01$h1319
=CAT  \\$aIPL-CLA$c20130102$lBLL01$h1745
=CAT  \\$aBLDSS-3PM$b00$c20141222$lBLL01$h1715
=CAT  \\$aBATCH-UPD$b00$c20160413$lBLL01$h1820
=CAT  \\$aBATCH-UPD$b00$c20171121$lBLL01$h1746
=CAT  \\$aBATCH-UPD$b00$c20171122$lBLL01$h0000
=CAT  \\$aIPL-CLA$c20171231$lBLL01$h1654
=CAT  \\$aBATCH-UPD$b00$c20190521$lBLL01$h1438
=CAT  \\$aIPL-CLA$c20190630$lBLL01$h1536
=CAT  \\$aBATCH-UPD$b00$c20211119$lBLL01$h1555
=CAT  \\$aIPL-CLA$c20211231$lBLL01$h1543
=CFI  0\$aCurrent copyright fee: GBP34.30$c5\1$e01-jan-2022$fGBP34.30$g0$hP$5Uk
=CFI  2\$aPrevious copyright fee: GBP32.84$c5\1$e01-jul-2019$fGBP32.84$g0$hP$5Uk
=FFP  \\$aY$bBLDSS-3PM
=FMT  \\$a  SE
=LAS  \\$aIPL-CLA$b00$c20211231$lBLL01$h1543
=TCO  \\$aCLA$bCLA$c008
=TOC  \\$aETOC

