=LDR  00910 as a22002898a 4500
=001  013484045
=003  Uk
=005  20070924150459.0
=007  ta
=008  060605c20089999enkar\p\\\\\\\0\\\a0eng\\
=022  0\$a1751-5378
=040  \\$aUk$beng$cUk
=222  \0$aDialogues and debates in human resources management
=245  00$aDialogues and debates in human resources management.
=260  \\$aOxford :$bElsevier
=263  \\$a200801
=310  \\$aAnnual
=336  \\$atext$2rdacontent
=337  \\$aunmediated$2rdamedia
=338  \\$avolume$2rdacarrier
=985  \\$aISSN responsibility transferred to the Netherlands ISSN Centre Oct. 2007 (Multinational Publisher Agreement).
=CAT  \\$a11313$b40$c20060605$lBLL01$h1314
=CAT  \\$a11313$b40$c20060605$lBLL01$h1320
=CAT  \\$a11316$b40$c20070924$lBLL01$h1504
=FMT  \\$a  SE
=LAS  \\$a11316$b40$c20070924$lBLL01$h1504
=TCO  \\$aCLA$bCLA$c008

