=LDR  04654cas a22009858a 4500
=001  013503940
=003  Uk
=005  20230511162916.0
=007  ta
=008  060706c20079999enkqr\p\\\\\\\0\\\a0eng\\
=022  0\$a1751-8253
=040  \\$aUk$beng$cUk
=082  04$a540$222
=222  \0$aGreen chemistry letters and reviews$b(Print)
=245  00$aGreen chemistry letters and reviews (Print).
=260  \\$aAbingdon :$bTaylor & Francis
=263  \\$a200703
=310  \\$aQuarterly
=336  \\$atext$2rdacontent
=337  \\$aunmediated$2rdamedia
=338  \\$avolume$2rdacarrier
=540  \\$aCurrent copyright fee: zero$c2\0$5Uk
=650  \0$aGreen chemistry$vPeriodicals.
=776  0\$tGreen chemistry letters and reviews$c(Online)$x1751-7192
=856  \\$31850-9999$uhttp://www.tandfonline.com/$xBLDSS
=945  \\$aGreen chemistry letters and reviews.
=979  \\$aBritish Library$bDSC$j4214.935550
=985  \\$aCorrected by MS generated file for WR# 12.018
=985  \\$aISSN responsibility transferred to the United States ISSN Centre June 2007 (Multinational Publisher Agreement).
=ACF  \\$aBritish Library not licensed to copy$c0$e01-jul-2013$hC$iCFP Excluded$5Uk
=ACF  \\$aBritish Library not licensed to copy$c0$e01-apr-2012$hC$iCLA Excluded$5Uk
=ACF  \\$aPrevious Copyright Fee: GBP31.00$c0$e01-jan-2012$fGBP31.00$g0$hC$5Uk
=ACF  \\$aPrevious Copyright Fee: GBP26.50$c0$e01-oct-2011$fGBP26.50$g0$hC$5Uk
=ACF  \\$aPrevious Copyright Fee: GBP26.50$c0$e01-jul-2011$fGBP26.50$g0$hC$5Uk
=ACF  \\$aPrevious Copyright Fee: GBP26.50$c0$e01-apr-2011$fGBP26.50$g0$hC$5Uk
=ACF  \\$aPrevious Copyright Fee: GBP26.50$c0$e01-jan-2011$fGBP26.50$g0$hC$5Uk
=ACF  \\$aPrevious Copyright Fee: GBP22.26$c0$e01-oct-2010$fGBP22.26$g0$hC$5Uk
=ACF  \\$aPrevious Copyright Fee: GBP22.26$c0$e01-jul-2010$fGBP22.26$g0$hC$5Uk
=ACF  \\$aPrevious Copyright Fee: GBP22.26$c0$e01-apr-2010$fGBP22.26$g0$hC$5Uk
=ACF  \\$aPrevious Copyright Fee: GBP21.28$c0$e01-Jan-2010$fGBP21.28$g0$hC$5Uk
=ACF  \\$aPrevious Copyright Fee: GBP21.28$c0$e01-oct-2009$fGBP21.28$g0$hC$5Uk
=ACF  \\$aPrevious Copyright Fee: GBP21.28$c0$e01-jul-2009$fGBP21.28$g0$hC$5Uk
=ACF  \\$aPrevious Copyright Fee: GBP21.28$c0$e01-apr-2009$fGBP21.28$g0$hC$5Uk
=ACF  \\$aPrevious Copyright Fee: GBP18.75$c0$e01-jan-2009$fGBP18.75$g0$hC$5Uk
=ACF  \\$aPrevious Copyright Fee: GBP15.00$c0$e01-oct-2008$fGBP15.00$g0$hC$5Uk
=ACF  \\$aPrevious Copyright Fee: GBP15.00$c0$e01-jul-2008$fGBP15.00$g0$hC$5Uk
=ACF  \\$aPrevious Copyright Fee: GBP15.00$c0$e01-apr-2008$fGBP15.00$g0$hC$5Uk
=ACF  \\$aBritish Library not licensed to copy$c0$e01-jul-2012$hC$iCLA Excluded$5Uk
=ACF  \\$aBritish Library not licensed to copy$c0$e01-oct-2012$hC$iCFP Excluded$5Uk
=ACF  \\$aBritish Library not licensed to copy$c0$e01-jan-2013$hC$iCFP Excluded$5Uk
=ACF  \\$aBritish Library not licensed to copy$c0$e01-apr-2013$hC$iCFP Excluded$5Uk
=CAT  \\$a11316$b40$c20060706$lBLL01$h1556
=CAT  \\$aIPL-CLA$c20111230$lBLL01$h2025
=CAT  \\$aBATCH-CLA$b00$c20120229$lBLL01$h1600
=CAT  \\$aIPL-CLA$c20120330$lBLL01$h1437
=CAT  \\$aBATCH-CLA$b00$c20120531$lBLL01$h1716
=CAT  \\$aIPL-CLA$c20120629$lBLL01$h1036
=CAT  \\$aBLSS-CORR$b00$c20120724$lBLL01$h1800
=CAT  \\$aBATCH-CLA$b00$c20120831$lBLL01$h1544
=CAT  \\$aIPL-CLA$c20120930$lBLL01$h2125
=CAT  \\$aBATCH-CLA$b00$c20121109$lBLL01$h1726
=CAT  \\$aWR12_128$c20121113$lBLL01$h1836
=CAT  \\$aBATCH-CLA$b00$c20121130$lBLL01$h1242
=CAT  \\$aIPL-CLA$c20121231$lBLL01$h1320
=CAT  \\$aIPL-CLA$c20130102$lBLL01$h1746
=CAT  \\$aBATCH-CLA$b00$c20130228$lBLL01$h1711
=CAT  \\$aIPL-CLA$c20130331$lBLL01$h1056
=CAT  \\$a540_fix$c20130403$lBLL01$h2015
=CAT  \\$aBATCH-CLA$b00$c20130531$lBLL01$h1649
=CAT  \\$aIPL-CLA$c20130701$lBLL01$h0100
=CAT  \\$aBATCH-CLA$b00$c20130830$lBLL01$h1629
=CAT  \\$aIPL-CLA$c20130930$lBLL01$h1747
=CAT  \\$a5552$b40$c20131104$lBLL01$h1352
=CAT  \\$aBLDSS-3PM$b00$c20141130$lBLL01$h1249
=CAT  \\$aBATCH-UPD$b00$c20160413$lBLL01$h1820
=CAT  \\$a5110$b40$c20160512$lBLL01$h1125
=CAT  \\$a5552$b40$c20170519$lBLL01$h1233
=CAT  \\$aBATCH-FIX$c20230511$lBLL01$h1629
=CFI  0\$aCurrent copyright fee: zero$c2\0$e01-jan-2013$fGBP0.00$g0$hP$5Uk
=CFI  2\$aBritish Library not licensed to copy$c0$e01-oct-2013$hC$iCFP Excluded$5Uk
=FFP  \\$aY$bBLDSS-3PM
=FMT  \\$a  SE
=LAS  \\$aBATCH-FIX$b00$c20230511$lBLL01$h1629
=TCO  \\$aCLA$bCLA$c008
=TOC  \\$aETOC

