=LDR  00831 as a22002778a 4500
=001  013509130
=003  Uk
=005  20180306081042.0
=006  m\\\\\\\\d\|\\\\\\
=007  cr||||||||||||
=008  060713c20089999enkkr\\\s\\\\\0\\\a0eng\\
=022  0\$a1751-9012
=040  \\$aUk$beng$cUk
=222  \0$aEducation compass
=245  00$aEducation compass.
=260  \\$aOxford :$bBlackwell
=263  \\$a200801
=336  \\$atext$2rdacontent
=337  \\$acomputer$2rdamedia
=338  \\$aonline resource$2rdacarrier
=985  \\$aISSN responsibility transferred to US ISSN Center from ISSN UK Centre, Wiley, Multinational Publisher List, Summer 2017.
=CAT  \\$a6537$b40$c20060713$lBLL01$h1050
=CAT  \\$a11313$b40$c20180306$lBLL01$h0810
=FMT  \\$a  SE
=LAS  \\$a11313$b40$c20180306$lBLL01$h0810
=TCO  \\$aCLA$bCLA$c008

