=LDR  01031 as a22003018a 4500
=001  013534327
=003  Uk
=005  20070601143355.0
=006  m\\\\\\\\d\|\\\\\\
=007  cr||||||||||||
=008  060818c20089999enkfr\p\s\\\\\0\\\a0eng\\
=022  0\$a1752-2137
=040  \\$aUk$beng$cUk
=222  \0$aInternational review of cognitive behavior therapy$b(Online)
=245  00$aInternational review of cognitive behavior therapy (Online).
=260  \\$aAbingdon :$bRoutledge
=263  \\$a200802
=310  \\$aTwo issues per year
=336  \\$atext$2rdacontent
=337  \\$acomputer$2rdamedia
=338  \\$aonline resource$2rdacarrier
=776  0\$tInternational review of cognitive behavior therapy$c(Print)$x1752-2129
=985  \\$aISSN responsibility transferred to the United States ISSN Centre June 2007 (Multinational Publisher Agreement).
=CAT  \\$a11316$b40$c20060818$lBLL01$h0846
=CAT  \\$a6537$b40$c20070601$lBLL01$h1433
=FMT  \\$a  SE
=LAS  \\$a6537$b40$c20070601$lBLL01$h1433
=TCO  \\$aCLA$bCLA$c008

