=LDR  00980 as a22002898a 4500
=001  013534568
=003  Uk
=005  20070601143332.0
=007  ta
=008  060818c20089999enkfr\p\\\\\\\0\\\a0eng\\
=022  0\$a1752-2129
=040  \\$aUk$beng$cUk
=222  \0$aInternational review of cognitive behavior therapy$b(Print)
=245  00$aInternational review of cognitive behavior therapy (Print).
=260  \\$aAbingdon :$bRoutledge
=263  \\$a200802
=310  \\$aTwo issues per year
=336  \\$atext$2rdacontent
=337  \\$aunmediated$2rdamedia
=338  \\$avolume$2rdacarrier
=776  0\$tInternational review of cognitive behavior therapy$c(Online)$x1752-2137
=985  \\$aISSN responsibility transferred to the United States ISSN Centre June 2007 (Multinational Publisher Agreement).
=CAT  \\$a11316$b40$c20060818$lBLL01$h1132
=CAT  \\$a6537$b40$c20070601$lBLL01$h1433
=FMT  \\$a  SE
=LAS  \\$a6537$b40$c20070601$lBLL01$h1433
=TCO  \\$aCLA$bCLA$c008

