=LDR  03801cas a22008413a 4500
=001  013534972
=003  Uk
=005  20221231212553.0
=007  ta
=008  060821c20099999enkfr\p\\\\\\\0\\\a0eng\\
=022  0\$a1752-2439
=040  \\$aUk$beng$cUk
=222  \0$aPsychosis$b(Abingdon)
=245  00$aPsychosis.
=260  \\$aAbingdon :$bRoutledge
=310  \\$aSemiannual
=336  \\$atext$2rdacontent
=337  \\$aunmediated$2rdamedia
=338  \\$avolume$2rdacarrier
=540  \\$aCurrent copyright fee: GBP37.00$c2\0$5Uk
=776  0\$tPsychosis$c(Qualify. Online)$x1752-2447
=856  \\$31850-9999$uhttp://www.tandfonline.com/$xBLDSS
=945  \\$aPsychosis -Abingdon-.
=979  \\$aBritish Library$bDSC$j6946.552680N
=985  \\$aISSN responsibility transferred to ISSN United States before completion of ISSN record -SF
=ACF  \\$aPrevious Copyright Fee: GBP26.00$c0$e01-jan-2012$fGBP26.00$g0$hC$5Uk
=ACF  \\$aPrevious Copyright Fee: GBP22.26$c0$e01-oct-2011$fGBP22.26$g0$hC$5Uk
=ACF  \\$aPrevious Copyright Fee: GBP22.26$c0$e01-jul-2011$fGBP22.26$g0$hC$5Uk
=ACF  \\$aPrevious Copyright Fee: GBP22.26$c0$e01-apr-2011$fGBP22.26$g0$hC$5Uk
=ACF  \\$aPrevious Copyright Fee: GBP22.26$c0$e01-jan-2011$fGBP22.26$g0$hC$5Uk
=ACF  \\$aPrevious Copyright Fee: GBP26.00$c0$e01-apr-2012$fGBP26.00$g0$hC$5Uk
=ACF  \\$aPrevious Copyright Fee: GBP27.00$c2\0$e08-may-2012$fGBP27.00$g0$hP$5Uk
=ACF  \\$aPrevious copyright fee: GBP27.50$c2\0$e01-jan-2013$fGBP27.50$g0$hP$5Uk
=ACF  \\$aPrevious copyright fee: GBP30.00$c2\0$e01-jan-2015$fGBP30.00$g0$hP$5Uk
=ACF  \\$aPrevious copyright fee: GBP28.00$c2\0$e01-jan-2014$fGBP28.00$g0$hP$5Uk
=ACF  \\$aPrevious Copyright Fee: GBP25.00$c2\0$e23-feb-2015$fGBP25.00$g0$hP$5Uk
=ACF  \\$aPrevious copyright fee: GBP26.00$c2\0$e01-jan-2016$fGBP26.00$g0$hP$5Uk
=ACF  \\$aPrevious copyright fee: GBP28.00$c2\0$e01-jan-2017$fGBP28.00$g0$hP$5Uk
=ACF  \\$aPrevious copyright fee: GBP30.00$c2\0$e01-jan-2018$fGBP30.00$g0$hP$5Uk
=ACF  \\$aPrevious copyright fee: GBP32.00$c2\0$e01-jan-2019$fGBP32.00$g0$hP$5Uk
=ACF  \\$aPrevious copyright fee: GBP34.00$c2\0$e01-jan-2020$fGBP34.00$g0$hP$5Uk
=CAT  \\$a6537$b40$c20060821$lBLL01$h0844
=CAT  \\$aBATCH-UPD$b00$c20141124$lBLL01$h1754
=CAT  \\$aBLDSS-3PM$b00$c20141130$lBLL01$h1249
=CAT  \\$aIPL-CLA$c20141231$lBLL01$h1654
=CAT  \\$a5552$b40$c20150223$lBLL01$h1129
=CAT  \\$aBATCH-UPD$b40$c20151119$lBLL01$h1544
=CAT  \\$a10806$b40$c20151222$lBLL01$h0947
=CAT  \\$a10806$b40$c20151222$lBLL01$h0951
=CAT  \\$aIPL-CLA$c20151231$lBLL01$h1924
=CAT  \\$aBATCH-UPD$b00$c20160413$lBLL01$h1821
=CAT  \\$aBATCH-UPD$b00$c20161122$lBLL01$h1513
=CAT  \\$aBATCH-UPD$b00$c20161122$lBLL01$h1617
=CAT  \\$a5552$b40$c20161206$lBLL01$h1232
=CAT  \\$a5410$b40$c20161215$lBLL01$h0917
=CAT  \\$aIPL-CLA$c20161230$lBLL01$h2201
=CAT  \\$a8874$b40$c20170125$lBLL01$h0851
=CAT  \\$aBATCH-UPD$b40$c20171121$lBLL01$h1648
=CAT  \\$aIPL-CLA$c20171231$lBLL01$h1657
=CAT  \\$aBATCH-UPD$b00$c20181217$lBLL01$h1638
=CAT  \\$aIPL-CLA$c20181231$lBLL01$h1544
=CAT  \\$aBATCH-UPD$b00$c20191122$lBLL01$h1901
=CAT  \\$aIPL-CLA$c20191231$lBLL01$h1941
=CAT  \\$aBATCH-UPD$b00$c20201118$lBLL01$h1334
=CAT  \\$aIPL-CLA$c20201231$lBLL01$h2213
=CAT  \\$aBATCH-UPD$b00$c20221121$lBLL01$h1347
=CAT  \\$aIPL-CLA$c20221231$lBLL01$h2125
=CFI  0\$aCurrent copyright fee: GBP37.00$c2\0$e01-jan-2023$fGBP37.00$g0$hP$5Uk
=CFI  2\$aPrevious copyright fee: GBP35.00$c2\0$e01-jan-2021$fGBP35.00$g0$hP$5Uk
=FFP  \\$aY$bBLDSS-3PM
=FMT  \\$a  SE
=LAS  \\$aIPL-CLA$b00$c20221231$lBLL01$h2125
=TCO  \\$aCLA$bCLA$c008

