=LDR  03748cas a22008658a 4500
=001  013619695
=003  Uk
=005  20221231144803.0
=007  ta
=008  061206c20099999enktr\p\\\\\\\0\\\a0eng\\
=022  \\$a1753-3015
=040  \\$aUk$beng$cUk
=082  04$a615.85156$222
=222  \0$aArts & health$b(Print)
=245  00$aArts & health.
=246  3\$aArts and health
=260  \\$aAbingdon :$bRoutledge, Taylor & Francis Group
=263  \\$a200903
=310  \\$aThree times a year,$b2012-
=321  \\$aTwo issues yearly,$b2009-2011
=336  \\$atext$2rdacontent
=337  \\$aunmediated$2rdamedia
=338  \\$avolume$2rdacarrier
=540  \\$aCurrent copyright fee: GBP37.00$c2\0$5Uk
=776  08$iAlso issued online as:$tArts & health$x1753-3023
=856  \\$31850-9999$uhttp://www.tandfonline.com/$xBLDSS
=945  \\$aArts and health.
=979  \\$aBritish Library$bDSC$j1735.770000
=985  \\$aCorrected by MS generated file for WR# 12.018
=985  \\$aISSN responsibility transferred to the United States ISSN Centre June 2007 (Multinational Publisher Agreement).
=ACF  \\$aPrevious copyright fee: GBP17.00$c2\0$e21-jan-2010$fGBP17.00$g0$hP$5Uk
=ACF  \\$aCurrent copyright fee: GBP15.00$c2\0$e01-jan-2009$fGBP15.00$g0$hP$5Uk
=ACF  \\$aPrevious copyright fee: GBP21.00$c2\0$e01-jan-2011$fGBP21.00$g0$hP$5Uk
=ACF  \\$aPrevious copyright fee: GBP23.00$c2\0$e01-jan-2012$fGBP23.00$g0$hP$5Uk
=ACF  \\$aPrevious copyright fee: GBP23.50$c2\0$e01-jan-2013$fGBP23.50$g0$hP$5Uk
=ACF  \\$aPrevious copyright fee: GBP24.00$c2\0$e01-jan-2014$fGBP24.00$g0$hP$5Uk
=ACF  \\$aPrevious copyright fee: GBP25.00$c2\0$e01-jan-2015$fGBP25.00$g0$hP$5Uk
=ACF  \\$aPrevious copyright fee: GBP26.00$c2\0$e01-jan-2016$fGBP26.00$g0$hP$5Uk
=ACF  \\$aPrevious copyright fee: GBP28.00$c2\0$e01-jan-2017$fGBP28.00$g0$hP$5Uk
=ACF  \\$aPrevious copyright fee: GBP30.00$c2\0$e01-jan-2018$fGBP30.00$g0$hP$5Uk
=ACF  \\$aPrevious copyright fee: GBP32.00$c2\0$e01-jan-2019$fGBP32.00$g0$hP$5Uk
=ACF  \\$aPrevious copyright fee: GBP34.00$c2\0$e01-jan-2020$fGBP34.00$g0$hP$5Uk
=CAT  \\$a11439$b40$c20061206$lBLL01$h0932
=CAT  \\$aIPL-CLA$c20121231$lBLL01$h1321
=CAT  \\$aIPL-CLA$c20130102$lBLL01$h1749
=CAT  \\$aBATCH-UPD$b00$c20131119$lBLL01$h2000
=CAT  \\$aIPL-CLA$c20140101$lBLL01$h0011
=CAT  \\$aBATCH-UPD$b00$c20141124$lBLL01$h1803
=CAT  \\$aBLDSS-3PM$b00$c20141130$lBLL01$h1249
=CAT  \\$aIPL-CLA$c20141231$lBLL01$h1655
=CAT  \\$aBATCH-UPD$b00$c20151119$lBLL01$h1544
=CAT  \\$aIPL-CLA$c20151231$lBLL01$h1925
=CAT  \\$a8323$b40$c20160104$lBLL01$h1208
=CAT  \\$aBATCH-UPD$b40$c20160413$lBLL01$h1821
=CAT  \\$aBATCH-UPD$b40$c20161122$lBLL01$h1513
=CAT  \\$aBATCH-UPD$b40$c20161122$lBLL01$h1617
=CAT  \\$a5552$b40$c20161123$lBLL01$h1212
=CAT  \\$aIPL-CLA$c20161230$lBLL01$h2207
=CAT  \\$aBATCH-UPD$b00$c20171121$lBLL01$h1648
=CAT  \\$aIPL-CLA$c20171231$lBLL01$h1700
=CAT  \\$aBATCH-UPD$b00$c20181217$lBLL01$h1638
=CAT  \\$aIPL-CLA$c20181231$lBLL01$h1545
=CAT  \\$aBATCH-UPD$b00$c20191122$lBLL01$h1901
=CAT  \\$aIPL-CLA$c20191231$lBLL01$h1943
=CAT  \\$aBATCH-UPD$b00$c20201118$lBLL01$h1334
=CAT  \\$aIPL-CLA$c20201231$lBLL01$h1530
=CAT  \\$aBATCH-UPD$b00$c20221121$lBLL01$h1347
=CAT  \\$aIPL-CLA$c20221231$lBLL01$h1448
=CFI  0\$aCurrent copyright fee: GBP37.00$c2\0$e01-jan-2023$fGBP37.00$g0$hP$5Uk
=CFI  2\$aPrevious copyright fee: GBP35.00$c2\0$e01-jan-2021$fGBP35.00$g0$hP$5Uk
=FFP  \\$aY$bBLDSS-3PM
=FMT  \\$a  SE
=LAS  \\$aIPL-CLA$b00$c20221231$lBLL01$h1448
=TCO  \\$aCLA$bCLA$c008
=TOC  \\$aETOC

