=LDR  05102cas a2201117 a 4500
=001  013621349
=003  Uk
=005  20221231144804.0
=007  ta
=008  061208c20079999enkqr\p\\\\\\\0\\\a0eng\\
=010  \\$a  2007213177
=022  0\$a1753-3171$l1543-1304$21
=035  \\$a(OCoLC)154205677
=040  \\$aNSD$beng$cNSD$dNSD$dINU$dCLU$dNSD$dOCLCQ$dDLC$dOCLCQ$dOCLCF
=042  \\$apcc$ansdp
=043  \\$af-sa---$an-us---
=050  10$aISSN RECORD
=050  14$aDT1701$b.S24
=082  04$a968.04$222
=222  \0$aSafundi$b(Print)
=245  00$aSafundi :$bthe journal of South African and American studies.
=246  30$aJournal of South African and American studies
=260  \\$aAbingdon, Oxfordshire, UK :$bRoutledge Journals
=300  \\$av. :$bill. ;$c25 cm.
=310  \\$aQuarterly
=336  \\$atext$2rdacontent
=337  \\$aunmediated$2rdamedia
=338  \\$avolume$2rdacarrier
=362  1\$aBegan with v. 8, no. 1 (Jan. 2007).
=540  \\$aCurrent copyright fee: GBP37.00$c2\0$5Uk
=588  \\$aDescription based on: Vol. 8, issue 2 (Apr. 2007); title from cover.
=595  \\$aDSC print copy Not Selected.
=651  \0$aSouth Africa$xHistory$vPeriodicals.
=651  \0$aUnited States$xHistory$vPeriodicals.
=651  \7$aSouth Africa.$2fast
=651  \7$aUnited States.$2fast
=655  \7$aHistory.$2fast
=655  \7$aPeriodicals.$2fast
=776  08$iOnline version:$tSafundi$x1543-1304
=856  \\$31850-9999$uhttp://www.tandfonline.com/$xBLDSS
=979  \\$aBritish Library$bDSC$j8069.190000N
=985  \\$aISSN responsibility transferred to the United States ISSN Centre June 2007 (Multinational Publisher Agreement).
=ACF  \\$aPrevious copyright fee: GBP21.00$c2\0$e12-apr-2010$fGBP21.00$g0$hP$5Uk
=ACF  \\$aPrevious copyright fee: GBP17.02$c0$e01-apr-2010$fGBP17.02$g0$hC$5Uk
=ACF  \\$aPrevious Copyright Fee: GBP17.02$c0$e01-Jan-2010$fGBP17.02$g0$hC$5Uk
=ACF  \\$aPrevious Copyright Fee: GBP17.02$c0$e01-oct-2009$fGBP17.02$g0$hC$5Uk
=ACF  \\$aPrevious Copyright Fee: GBP17.02$c0$e01-jul-2009$fGBP17.02$g0$hC$5Uk
=ACF  \\$aPrevious Copyright Fee: GBP17.02$c0$e01-apr-2009$fGBP17.02$g0$hC$5Uk
=ACF  \\$aPrevious Copyright Fee: GBP18.75$c0$e01-jan-2009$fGBP18.75$g0$hC$5Uk
=ACF  \\$aBritish Library not licensed to copy$c0$e01-oct-2008$hC$iCLA Excluded$5Uk
=ACF  \\$aPrevious Copyright Fee: GBP15.00$c0$e01-jul-2008$fGBP15.00$g0$hC$5Uk
=ACF  \\$aPrevious Copyright Fee: GBP15.00$c0$e01-apr-2008$fGBP15.00$g0$hC$5Uk
=ACF  \\$aPrevious copyright fee: GBP25.00$c2\0$e01-jan-2011$fGBP25.00$g0$hP$5Uk
=ACF  \\$aPrevious copyright fee: GBP27.00$c2\0$e01-jan-2012$fGBP27.00$g0$hP$5Uk
=ACF  \\$aPrevious copyright fee: GBP27.50$c2\0$e01-jan-2013$fGBP27.50$g0$hP$5Uk
=ACF  \\$aPrevious copyright fee: GBP30.00$c2\0$e01-jan-2015$fGBP30.00$g0$hP$5Uk
=ACF  \\$aPrevious copyright fee: GBP28.00$c2\0$e01-jan-2014$fGBP28.00$g0$hP$5Uk
=ACF  \\$aPrevious copyright fee: GBP25.00$c2\0$e24-feb-2015$fGBP25.00$g0$hP$5Uk
=ACF  \\$aPrevious copyright fee: GBP26.00$c2\0$e01-jan-2016$fGBP26.00$g0$hP$5Uk
=ACF  \\$aPrevious copyright fee: GBP28.00$c2\0$e01-jan-2017$fGBP28.00$g0$hP$5Uk
=ACF  \\$aPrevious copyright fee: GBP30.00$c2\0$e01-jan-2018$fGBP30.00$g0$hP$5Uk
=ACF  \\$aPrevious copyright fee: GBP32.00$c2\0$e01-jan-2019$fGBP32.00$g0$hP$5Uk
=ACF  \\$aPrevious copyright fee: GBP34.00$c2\0$e01-jan-2020$fGBP34.00$g0$hP$5Uk
=CAT  \\$a11439$b40$c20061208$lBLL01$h0938
=CAT  \\$aIPL-CLA$c20140101$lBLL01$h0011
=CAT  \\$aBATCH-CLA$b00$c20140125$lBLL01$h1320
=CAT  \\$aBATCH-CLA$c20140225$lBLL01$h2328
=CAT  \\$a8874$b40$c20140805$lBLL01$h1432
=CAT  \\$a8874$b40$c20140807$lBLL01$h1039
=CAT  \\$aBATCH-UPD$b40$c20141124$lBLL01$h1754
=CAT  \\$aBLDSS-3PM$b00$c20141130$lBLL01$h1249
=CAT  \\$aIPL-CLA$c20141231$lBLL01$h1655
=CAT  \\$a5552$b40$c20150224$lBLL01$h0840
=CAT  \\$aBATCH-UPD$b40$c20151119$lBLL01$h1544
=CAT  \\$aIPL-CLA$c20151231$lBLL01$h1925
=CAT  \\$aBATCH-UPD$b00$c20160413$lBLL01$h1821
=CAT  \\$aBATCH-UPD$b00$c20161122$lBLL01$h1513
=CAT  \\$aBATCH-UPD$b00$c20161122$lBLL01$h1617
=CAT  \\$aIPL-CLA$c20161230$lBLL01$h2207
=CAT  \\$aBATCH-UPD$b00$c20171121$lBLL01$h1648
=CAT  \\$aIPL-CLA$c20171231$lBLL01$h1701
=CAT  \\$aBATCH-UPD$b00$c20181217$lBLL01$h1638
=CAT  \\$aIPL-CLA$c20181231$lBLL01$h1545
=CAT  \\$aBATCH-UPD$b00$c20191122$lBLL01$h1901
=CAT  \\$aIPL-CLA$c20191231$lBLL01$h1943
=CAT  \\$aBATCH-UPD$b00$c20201118$lBLL01$h1334
=CAT  \\$aIPL-CLA$c20201231$lBLL01$h1530
=CAT  \\$aBATCH-UPD$b00$c20221121$lBLL01$h1347
=CAT  \\$aIPL-CLA$c20221231$lBLL01$h1448
=CFI  0\$aCurrent copyright fee: GBP37.00$c2\0$e01-jan-2023$fGBP37.00$g0$hP$5Uk
=CFI  2\$aPrevious copyright fee: GBP35.00$c2\0$e01-jan-2021$fGBP35.00$g0$hP$5Uk
=FFP  \\$aY$bBLDSS-3PM
=FMT  \\$a  SE
=LAS  \\$aIPL-CLA$b00$c20221231$lBLL01$h1448
=TCO  \\$aCLA$bCLA$c008
=TOC  \\$aETOC

