=LDR  03083cas a22006977a 4500
=001  013642819
=003  Uk
=005  20221231213144.0
=007  ta
=008  070112c20009999enk\x\m\\\\\\\0\\\a0eng\\
=022  0\$a1472-1201
=040  \\$aUk$beng$cUk
=210  0\$aUltrasound obstet. gynecol. Suppl.
=222  \0$aUltrasound in obstetrics & gynecology. Supplement
=245  00$aUltrasound in obstetrics & gynecology.$pSupplement.
=246  3\$aUltrasound in obstetrics and gynecology.$pSupplement
=260  \\$aOxford :$bBlackwell Science
=310  \\$aIrregular
=336  \\$atext$2rdacontent
=337  \\$aunmediated$2rdamedia
=338  \\$avolume$2rdacarrier
=540  \\$aCurrent Copyright Fee: GBP25.00$c0$5Uk
=772  0\$tUltrasound in obstetrics & gynecology$x0960-7692
=985  \\$aISSN responsibility transferred to U.S. ISSN Center from ISSN UK Centre, Wiley, Multinational Publisher List, Summer 2017.
=ACF  \\$aPrevious Copyright Fee: GBP17.00$c0$e01-oct-2008$fGBP17.00$g0$hC$5Uk
=ACF  \\$aPrevious copyright fee: GBP10.50$c0$e01-jan-2011$fGBP10.50$g0$hA$5Uk
=ACF  \\$aPrevious copyright fee: GBP12.00$c0$e01-jan-2012$fGBP12.00$g0$hA$5Uk
=ACF  \\$aPrevious Copyright Fee: GBP12.30$c0$e01-jan-2014$fGBP12.30$g0$hA$5Uk
=ACF  \\$aPrevious Copyright Fee: GBP15.00$c0$e01-jan-2017$fGBP15.00$g0$hA$5Uk
=ACF  \\$aPrevious Copyright Fee: GBP17.50$c0$e01-jan-2018$fGBP17.50$g0$hA$5Uk
=ACF  \\$aPrevious Copyright Fee: GBP20.00$c0$e01-jan-2020$fGBP20.00$g0$hA$5Uk
=CAT  \\$a6537$b40$c20070112$lBLL01$h1237
=CAT  \\$aBATCH-CLA$b00$c20080829$lBLL01$h1824
=CAT  \\$aBATCH-UPD$b00$c20081001$lBLL01$h0012
=CAT  \\$aBATCH$b00$c20081001$lBLL01$h0128
=CAT  \\$aBATCH-UPD$b00$c20101201$lBLL01$h1250
=CAT  \\$aIPL-CLA$c20101231$lBLL01$h1521
=CAT  \\$aWR11_203$c20111204$lBLL01$h1511
=CAT  \\$aIPL-CLA$c20111230$lBLL01$h2026
=CAT  \\$aBATCH-CLA$b00$c20121109$lBLL01$h1725
=CAT  \\$aBATCH-CLA$c20131220$lBLL01$h2041
=CAT  \\$aIPL-CLA$c20140101$lBLL01$h0013
=CAT  \\$aBATCH-CLA$b00$c20161222$lBLL01$h1812
=CAT  \\$aIPL-CLA$c20161230$lBLL01$h2209
=CAT  \\$a10973$b40$c20171204$lBLL01$h1107
=CAT  \\$aBATCH-CLA$b00$c20171222$lBLL01$h2135
=CAT  \\$aIPL-CLA$c20171231$lBLL01$h1701
=CAT  \\$aBATCH-CLA$b00$c20191219$lBLL01$h1738
=CAT  \\$aIPL-CLA$c20191231$lBLL01$h1943
=CAT  \\$aR2001-1524$c20200127$lBLL01$h2020
=CAT  \\$aBATCH-CLA$b00$c20201204$lBLL01$h1541
=CAT  \\$aIPL-CLA$c20201231$lBLL01$h2217
=CAT  \\$aBATCH-CLA$b00$c20221221$lBLL01$h1851
=CAT  \\$aIPL-CLA$c20221231$lBLL01$h2131
=CFI  0\$aCurrent Copyright Fee: GBP25.00$c0$e01-jan-2023$fGBP25.00$g0$hA$5Uk
=CFI  2\$aPrevious Copyright Fee: GBP22.50$c0$e01-jan-2021$fGBP22.50$g0$hA$5Uk
=FIN  \\$aY$d20070112
=FMT  \\$a  SE
=LAS  \\$aIPL-CLA$b00$c20221231$lBLL01$h2131
=LKR  \\$aPAR$b008414723$lBLL01$r772$mUltrasound in obstetrics & gynecology. Supplement$nUltrasound in obstetrics & gynecology (Print)
=TCO  \\$aCLA$bCLA$c008

