=LDR  01034 as a22003138a 4500
=001  013646362
=003  Uk
=005  20070601152111.0
=006  m\\\\\\\\d\|\\\\\\
=007  cr||||||||||||
=008  070117c20079999enkbr\p\s\\\\\0\\\a0eng\\
=022  0\$a1753-5913
=040  \\$aUk$beng$cUk
=210  0\$aS. Afr. j. high. educ.$b(Online)
=222  \0$aSouth African journal of higher education$b(Online)
=245  00$aSouth African journal of higher education (Online).
=260  \\$aAbingdon :$bRoutledge
=263  \\$a200703
=310  \\$aBi-monthly
=336  \\$atext$2rdacontent
=337  \\$acomputer$2rdamedia
=338  \\$aonline resource$2rdacarrier
=776  0\$tSouth African journal of higher education$x1011-3487
=985  \\$aISSN responsibility transferred to the United States ISSN Centre June 2007 (Multinational Publisher Agreement).
=CAT  \\$a6537$b40$c20070117$lBLL01$h1019
=CAT  \\$a6537$b40$c20070601$lBLL01$h1521
=FMT  \\$a  SE
=LAS  \\$a6537$b40$c20070601$lBLL01$h1521
=TCO  \\$aCLA$bCLA$c008

