=LDR  00841 as a22002898a 4500
=001  013680872
=003  Uk
=005  20070924151402.0
=007  ta
=008  070223c20079999enkmr\p\\\\\\\0\\\a0eng\\
=022  0\$a1753-9765
=040  \\$aUk$beng$cUk
=210  0\$aGen. pract.$b(Qualify)
=222  \0$aGeneral practice$b(Qualify)
=245  00$aGeneral practice.
=260  \\$aOxford :$bElsevier
=263  \\$a200707
=310  \\$aMonthly
=336  \\$atext$2rdacontent
=337  \\$aunmediated$2rdamedia
=338  \\$avolume$2rdacarrier
=985  \\$aISSN responsibility transferred to the Netherlands ISSN Centre Oct. 2007 (Multinational Publisher Agreement).
=CAT  \\$a6537$b40$c20070223$lBLL01$h1217
=CAT  \\$a11316$b40$c20070924$lBLL01$h1514
=FMT  \\$a  SE
=LAS  \\$a11316$b40$c20070924$lBLL01$h1514
=TCO  \\$aCLA$bCLA$c008

