=LDR  04185cas a22009258a 4500
=001  013685041
=003  Uk
=005  20221231144813.0
=007  ta
=008  070228c20089999enktr\p\\\\\\\0\\\a0eng\\
=022  0\$a1754-0291
=040  \\$aUk$beng$cUk
=082  04$a303$222
=210  0\$aJ. power$b(Print)
=222  \0$aJournal of power$b(Print)
=245  00$aJournal of power (Print).
=260  \\$aAbingdon :$bRoutledge
=263  \\$a200803
=310  \\$aThree issues yearly
=336  \\$atext$2rdacontent
=337  \\$aunmediated$2rdamedia
=338  \\$avolume$2rdacarrier
=540  \\$aCurrent copyright fee: GBP46.00$c2\0$5Uk
=776  0\$tJournal of power$c(Online)$x1754-0305
=856  \\$31850-9999$uhttp://www.tandfonline.com/$xBLDSS
=945  \\$aJournal of power.
=979  \\$aBritish Library$bDSC$j5041.190000
=985  \\$aCorrected by MS generated file for WR# 12.018
=985  \\$aISSN responsibility transferred to the United States ISSN Centre June 2007 (Multinational Publisher Agreement).
=ACF  \\$aPrevious copyright fee: GBP21.00$c2\0$e01-jan-2010$fGBP21.00$g0$hP$5Uk
=ACF  \\$aPrevious copyright fee: GBP20.00$c2\0$e15-jul-2009$fGBP20.00$g0$hP$5Uk
=ACF  \\$aCurrent Copyright Fee: GBP21.43$c0$e01-jul-2009$fGBP21.43$g0$hC$5Uk
=ACF  \\$aPrevious Copyright Fee: GBP21.43$c0$e01-apr-2009$fGBP21.43$g0$hC$5Uk
=ACF  \\$aPrevious Copyright Fee: GBP18.75$c0$e01-jan-2009$fGBP18.75$g0$hC$5Uk
=ACF  \\$aPrevious Copyright Fee: GBP15.00$c0$e01-oct-2008$fGBP15.00$g0$hC$5Uk
=ACF  \\$aPrevious Copyright Fee: GBP15.00$c0$e01-jul-2008$fGBP15.00$g0$hC$5Uk
=ACF  \\$aPrevious Copyright Fee: GBP15.00$c0$e01-apr-2008$fGBP15.00$g0$hC$5Uk
=ACF  \\$aPrevious copyright fee: GBP25.00$c2\0$e01-jan-2011$fGBP25.00$g0$hP$5Uk
=ACF  \\$aPrevious copyright fee: GBP27.00$c2\0$e01-jan-2012$fGBP27.00$g0$hP$5Uk
=ACF  \\$aPrevious copyright fee: GBP27.50$c2\0$e01-jan-2013$fGBP27.50$g0$hP$5Uk
=ACF  \\$aPrevious copyright fee: GBP28.00$c2\0$e01-jan-2014$fGBP28.00$g0$hP$5Uk
=ACF  \\$aPrevious copyright fee: GBP30.00$c2\0$e01-jan-2015$fGBP30.00$g0$hP$5Uk
=ACF  \\$aPrevious copyright fee: GBP34.00$c2\0$e01-jan-2016$fGBP34.00$g0$hP$5Uk
=ACF  \\$aPrevious copyright fee: GBP36.00$c2\0$e01-jan-2017$fGBP36.00$g0$hP$5Uk
=ACF  \\$aPrevious copyright fee: GBP38.00$c2\0$e01-jan-2018$fGBP38.00$g0$hP$5Uk
=ACF  \\$aPrevious copyright fee: GBP40.00$c2\0$e01-jan-2019$fGBP40.00$g0$hP$5Uk
=ACF  \\$aPrevious copyright fee: GBP42.00$c2\0$e01-jan-2020$fGBP42.00$g0$hP$5Uk
=CAT  \\$a6537$b40$c20070228$lBLL01$h1239
=CAT  \\$aBATCH-UPD$b00$c20121121$lBLL01$h1611
=CAT  \\$aIPL-CLA$c20121231$lBLL01$h1322
=CAT  \\$aIPL-CLA$c20130102$lBLL01$h1750
=CAT  \\$aBATCH-UPD$b00$c20131119$lBLL01$h1952
=CAT  \\$aIPL-CLA$c20140101$lBLL01$h0015
=CAT  \\$aBATCH-UPD$b00$c20141124$lBLL01$h1754
=CAT  \\$aBLDSS-3PM$b00$c20141130$lBLL01$h1249
=CAT  \\$aIPL-CLA$c20141231$lBLL01$h1655
=CAT  \\$aBATCH-UPD$b00$c20151119$lBLL01$h1535
=CAT  \\$aIPL-CLA$c20151231$lBLL01$h1925
=CAT  \\$aBATCH-UPD$b00$c20160413$lBLL01$h1821
=CAT  \\$aBATCH-UPD$b00$c20161122$lBLL01$h1500
=CAT  \\$aBATCH-UPD$b00$c20161122$lBLL01$h1517
=CAT  \\$aIPL-CLA$c20161230$lBLL01$h2211
=CAT  \\$a5552$b40$c20170407$lBLL01$h1057
=CAT  \\$aBATCH-UPD$b40$c20171121$lBLL01$h1640
=CAT  \\$aIPL-CLA$c20171231$lBLL01$h1703
=CAT  \\$aBATCH-UPD$b00$c20181217$lBLL01$h1648
=CAT  \\$aIPL-CLA$c20181231$lBLL01$h1545
=CAT  \\$aBATCH-UPD$b00$c20191122$lBLL01$h1910
=CAT  \\$aIPL-CLA$c20191231$lBLL01$h1944
=CAT  \\$aBATCH-UPD$b00$c20201118$lBLL01$h1344
=CAT  \\$aIPL-CLA$c20201231$lBLL01$h1530
=CAT  \\$aBATCH-UPD$b00$c20221121$lBLL01$h1334
=CAT  \\$aIPL-CLA$c20221231$lBLL01$h1448
=CFI  0\$aCurrent copyright fee: GBP46.00$c2\0$e01-jan-2023$fGBP46.00$g0$hP$5Uk
=CFI  2\$aPrevious copyright fee: GBP44.00$c2\0$e01-jan-2021$fGBP44.00$g0$hP$5Uk
=FFP  \\$aY$bBLDSS-3PM
=FMT  \\$a  SE
=LAS  \\$aIPL-CLA$b00$c20221231$lBLL01$h1448
=TCO  \\$aCLA$bCLA$c008
=TOC  \\$aETOC

