=LDR  01727 as a22004097a 4500
=001  013686780
=003  Uk
=005  20070412123114.0
=006  m\\\\\\\\d\|\\\\\\
=007  cr||||||||||||
=008  070302c20019999enkfr\p\s\\\\\0\\\a0eng\\
=022  0\$a1754-0585
=040  \\$aUk$beng$cUk
=210  0\$aNews$b(Int. Energy Agency, Energy Conserv. Build. Community Syst. Programme, Online)
=222  \0$aNews$b(International Energy Agency. Energy Conservation in Buildings and Community Systems Programme. Online)
=245  00$aNews$h[electronic resource].
=246  13$aNews (ECBCS)
=246  13$aECBCS news
=260  \\$aBirmingham :$bECBCS Executive Support Services Unit
=310  \\$aTwo issues yearly
=336  \\$atext$2rdacontent
=337  \\$acomputer$2rdamedia
=338  \\$aonline resource$2rdacarrier
=500  \\$aDescription based on: issue 33 (June 2001); latest issue consulted: issue 44 (Oct. 2006).
=710  2\$aIEA Energy Conservation in Buildings & Community Systems Programme.
=710  2\$aIEA Energy Conservation in Buildings & Community Systems Programme.$bExecutive Committee Support Services Unit
=776  0\$tNews - International Energy Agency. Energy Conservation in Buildings and Community Systems Programme$x1023-5795
=856  40$uhttp://www.ecbcs.org/newsletters/index.htm
=985  \\$aISSN responsibility transferred to International ISSN Centre- 9/3/07
=CAT  \\$a8128$b40$c20070302$lBLL01$h1452
=CAT  \\$a6537$b40$c20070306$lBLL01$h1523
=CAT  \\$a6537$b40$c20070322$lBLL01$h1206
=CAT  \\$a5100$b40$c20070323$lBLL01$h0943
=CAT  \\$aISSN$b40$c20070412$lBLL01$h1231
=FMT  \\$a  SE
=LAS  \\$aISSN$b40$c20070412$lBLL01$h1231
=TCO  \\$aCLA$bCLA$c008

