=LDR  04236cas a22009138a 4500
=001  013691963
=003  Uk
=005  20221231144814.0
=007  ta
=008  070309c20089999enkfr\p\\\\\\\0\\\a0eng\\
=022  \\$a1754-1328
=040  \\$aUk$beng$cUk
=082  04$a909.826$222
=222  \4$aThe sixties$b(Abingdon, England)
=245  04$aThe sixties.
=260  \\$aAbingdon :$bRoutledge, Taylor & Francis Group
=310  \\$aSemiannual
=336  \\$atext$2rdacontent
=337  \\$aunmediated$2rdamedia
=338  \\$avolume$2rdacarrier
=540  \\$aCurrent copyright fee: GBP37.00$c2\0$5Uk
=588  \\$aLatest issue consulted: volume 14, number 1 (June 2021).
=776  08$iAlso issued online as:$tSixties (Online)$x1754-1336
=856  \\$31850-9999$uhttp://www.tandfonline.com/$xBLDSS
=945  \\$aSixties -Taylor and Francis-
=979  \\$aBritish Library$bDSC$j8294.723500
=985  \\$aCorrected by MS generated file for WR# 12.018
=985  \\$aISSN responsibility transferred to the United States ISSN Centre June 2007 (Multinational Publisher Agreement).
=ACF  \\$aPrevious copyright fee: GBP17.00$c2\0$e01-jan-2010$fGBP17.00$g0$hP$5Uk
=ACF  \\$aPrevious copyright fee: GBP16.00$c2\0$e21-jul-2009$fGBP16.00$g0$hP$5Uk
=ACF  \\$aCurrent Copyright Fee: GBP21.43$c0$e01-jul-2009$fGBP21.43$g0$hC$5Uk
=ACF  \\$aPrevious Copyright Fee: GBP21.43$c0$e01-apr-2009$fGBP21.43$g0$hC$5Uk
=ACF  \\$aPrevious Copyright Fee: GBP18.75$c0$e01-jan-2009$fGBP18.75$g0$hC$5Uk
=ACF  \\$aPrevious Copyright Fee: GBP15.00$c0$e01-oct-2008$fGBP15.00$g0$hC$5Uk
=ACF  \\$aPrevious Copyright Fee: GBP15.00$c0$e01-jul-2008$fGBP15.00$g0$hC$5Uk
=ACF  \\$aPrevious Copyright Fee: GBP15.00$c0$e01-apr-2008$fGBP15.00$g0$hC$5Uk
=ACF  \\$aPrevious copyright fee: GBP21.00$c2\0$e01-jan-2011$fGBP21.00$g0$hP$5Uk
=ACF  \\$aPrevious copyright fee: GBP23.00$c2\0$e01-jan-2012$fGBP23.00$g0$hP$5Uk
=ACF  \\$aPrevious copyright fee: GBP23.50$c2\0$e01-jan-2013$fGBP23.50$g0$hP$5Uk
=ACF  \\$aPrevious copyright fee: GBP24.00$c2\0$e01-jan-2014$fGBP24.00$g0$hP$5Uk
=ACF  \\$aPrevious copyright fee: GBP25.00$c2\0$e01-jan-2015$fGBP25.00$g0$hP$5Uk
=ACF  \\$aPrevious copyright fee: GBP26.00$c2\0$e01-jan-2016$fGBP26.00$g0$hP$5Uk
=ACF  \\$aPrevious copyright fee: GBP28.00$c2\0$e01-jan-2017$fGBP28.00$g0$hP$5Uk
=ACF  \\$aPrevious copyright fee: GBP30.00$c2\0$e01-jan-2018$fGBP30.00$g0$hP$5Uk
=ACF  \\$aPrevious copyright fee: GBP32.00$c2\0$e01-jan-2019$fGBP32.00$g0$hP$5Uk
=ACF  \\$aPrevious copyright fee: GBP34.00$c2\0$e01-jan-2020$fGBP34.00$g0$hP$5Uk
=CAT  \\$a11313$b40$c20070309$lBLL01$h1320
=CAT  \\$aIPL-CLA$c20121231$lBLL01$h1322
=CAT  \\$aIPL-CLA$c20130102$lBLL01$h1751
=CAT  \\$aBATCH-UPD$b00$c20131119$lBLL01$h2001
=CAT  \\$aIPL-CLA$c20140101$lBLL01$h0016
=CAT  \\$aBATCH-UPD$b00$c20141124$lBLL01$h1803
=CAT  \\$aBLDSS-3PM$b00$c20141130$lBLL01$h1249
=CAT  \\$aIPL-CLA$c20141231$lBLL01$h1655
=CAT  \\$aBATCH-UPD$b00$c20151119$lBLL01$h1544
=CAT  \\$aIPL-CLA$c20151231$lBLL01$h1925
=CAT  \\$aBATCH-UPD$b00$c20160413$lBLL01$h1821
=CAT  \\$aBATCH-UPD$b00$c20161122$lBLL01$h1513
=CAT  \\$aBATCH-UPD$b00$c20161122$lBLL01$h1618
=CAT  \\$aIPL-CLA$c20161230$lBLL01$h2212
=CAT  \\$a5552$b40$c20170215$lBLL01$h1357
=CAT  \\$aBATCH-UPD$b40$c20171121$lBLL01$h1648
=CAT  \\$aIPL-CLA$c20171231$lBLL01$h1703
=CAT  \\$aBATCH-UPD$b00$c20181217$lBLL01$h1639
=CAT  \\$aIPL-CLA$c20181231$lBLL01$h1545
=CAT  \\$aBATCH-UPD$b00$c20191122$lBLL01$h1901
=CAT  \\$aIPL-CLA$c20191231$lBLL01$h1944
=CAT  \\$aBATCH-UPD$b00$c20201118$lBLL01$h1334
=CAT  \\$aIPL-CLA$c20201231$lBLL01$h1530
=CAT  \\$a10806$b40$c20220105$lBLL01$h1321
=CAT  \\$aBATCH-UPD$b40$c20221121$lBLL01$h1347
=CAT  \\$aIPL-CLA$c20221231$lBLL01$h1448
=CFI  0\$aCurrent copyright fee: GBP37.00$c2\0$e01-jan-2023$fGBP37.00$g0$hP$5Uk
=CFI  2\$aPrevious copyright fee: GBP35.00$c2\0$e01-jan-2021$fGBP35.00$g0$hP$5Uk
=FFP  \\$aY$bBLDSS-3PM
=FMT  \\$a  SE
=LAS  \\$aIPL-CLA$b00$c20221231$lBLL01$h1448
=TCO  \\$aCLA$bCLA$c008
=TOC  \\$aETOC

