=LDR  03257 as a22007817a 4500
=001  013692292
=003  Uk
=005  20191231194439.0
=007  ta
=008  070311c20069999at\qr\p\\\\\\\0\\\a0eng\\
=022  0\$a1832-8105
=040  \\$aUk$beng$cUk
=082  04$a338.95$222
=222  \0$aAsian economic policy review
=245  00$aAsian economic policy review.
=260  \\$aCarlton, Vic. :$bBlackwell Publishing Asia,$c2006-
=310  \\$aQuarterly
=336  \\$atext$2rdacontent
=337  \\$aunmediated$2rdamedia
=338  \\$avolume$2rdacarrier
=540  \\$aCurrent Copyright Fee: GBP32.00$c35\0$5Uk
=710  2\$aNihon Keizai Kenkyu Senta.
=776  0\$tAsian economic policy review$c(Online)$x1748-3131
=856  \\$31850-9999$uhttp://onlinelibrary.wiley.com/$xBLDSS
=945  \\$aAsian economic policy review.
=979  \\$aBritish Library$bDSC$j1742.411800
=985  \\$aISSN responsibility transferred to US ISSN Center from ISSN UK Centre, Wiley, Multinational Publisher List, Summer 2017.
=985  \\$aCorrected by MS generated file for WR# 12.018
=985  \\$aResponsibility for ISSN taken by ISSN UK from Australian ISSN Centre, 11.03.07
=ACF  \\$aPrevious Copyright Fee: GBP16.00$c10\0$e05-jun-2007$fGBP16.00$g0$hP$5Uk
=ACF  \\$aPrevious copyright fee: GBP17.00$c10\0$e01-jan-2009$fGBP17.00$g0$hP$5Uk
=ACF  \\$aPrevious copyright fee: GBP22.00$c10\0$e01-jan-2011$fGBP22.00$g0$hP$5Uk
=ACF  \\$aPrevious copyright fee: GBP24.00$c10\0$e01-mar-2015$fGBP24.00$g0$hP$5Uk
=ACF  \\$aPrevious copyright fee: GBP24.00$c35\0$e07-mar-2017$fGBP24.00$g0$hP$5Uk
=CAT  \\$a6537$b40$c20070311$lBLL01$h0732
=CAT  \\$aBATCH-UPD$b40$c20081119$lBLL01$h1455
=CAT  \\$aBATCH-UPD$b40$c20081231$lBLL01$h2325
=CAT  \\$aBATCH-UPD$b40$c20090101$lBLL01$h0056
=CAT  \\$aBATCH$b00$c20090101$lBLL01$h0231
=CAT  \\$aBATCH-UPD$b00$c20101116$lBLL01$h1328
=CAT  \\$aIPL-CLA$c20101231$lBLL01$h1521
=CAT  \\$a8483$b40$c20120328$lBLL01$h1305
=CAT  \\$aBLSS-CORR$b00$c20120724$lBLL01$h1800
=CAT  \\$aBATCH-CLA$b00$c20121109$lBLL01$h1725
=CAT  \\$aBLDSS-3PM$b00$c20141214$lBLL01$h1524
=CAT  \\$aBATCH-UPD$b00$c20150215$lBLL01$h1628
=CAT  \\$aIPL-CLA$c20150228$lBLL01$h2051
=CAT  \\$aBATCH-UPD$b00$c20160413$lBLL01$h1821
=CAT  \\$a5552$b40$c20161124$lBLL01$h0916
=CAT  \\$aW1703-0316$c20170306$lBLL01$h1825
=CAT  \\$aW1703-0316$c20170307$lBLL01$h1648
=CAT  \\$aIPL-CLA$c20170307$lBLL01$h1824
=CAT  \\$a11313$b40$c20170912$lBLL01$h1114
=CAT  \\$aBATCH-UPD$b40$c20180219$lBLL01$h1750
=CAT  \\$a5410$b40$c20180312$lBLL01$h0945
=CAT  \\$aBATCH-UPD$b40$c20181121$lBLL01$h1623
=CAT  \\$aIPL-CLA$c20181231$lBLL01$h1545
=CAT  \\$aR1911-0245$c20191127$lBLL01$h0823
=CAT  \\$aR1911-0245$c20191127$lBLL01$h1045
=CAT  \\$aIPL-CLA$c20191231$lBLL01$h1944
=CFI  0\$aCurrent Copyright Fee: GBP32.00$c35\0$e01-jan-2020$fGBP32.00$g0$hP$5Uk
=CFI  2\$aPrevious copyright fee: GBP28.00$c35\0$e01-jan-2019$fGBP28.00$g0$hP$5Uk
=FFP  \\$aY$bBLDSS-3PM
=FIN  \\$aY$d20070311
=FMT  \\$a  SE
=LAS  \\$aIPL-CLA$b00$c20191231$lBLL01$h1944
=TCO  \\$aAUS$bCAL$c008
=UNO  \\$aY

