=LDR  00979 as a22003137a 4500
=001  013697667
=003  Uk
=005  20101020153229.0
=006  m\\\\\\\\d\|\\\\\\
=007  cr||||||||||||
=008  070319c20079999enkqr\\\s\\\\\0\\\a0eng\\
=022  0\$y1754-114X
=040  \\$aUk$beng$cUk
=082  04$a131$222
=245  00$aPhoenix rising$h[electronic resource].
=260  \\$a[Australia] ;$aGreat Cheverell :$bRajon
=310  \\$aQuarterly
=336  \\$atext$2rdacontent
=337  \\$acomputer$2rdamedia
=338  \\$aonline resource$2rdacarrier
=856  4\$uhttp://www.phoenixrisingmagazine.com/html/contact_us_.html
=985  \\$aISSN responsibility transferred to ISSN Australia 20/6/07. Published in Australia.
=CAT  \\$a11316$b40$c20070319$lBLL01$h1028
=CAT  \\$a11316$b40$c20070629$lBLL01$h1604
=CAT  \\$a11315$b40$c20101020$lBLL01$h1532
=FIN  \\$aY$d20101020
=FMT  \\$a  SE
=LAS  \\$a11315$b40$c20101020$lBLL01$h1532
=TCO  \\$aCLA$bCLA$c008

