=LDR  00867 as a22002898a 4500
=001  013712658
=003  Uk
=005  20070601133701.0
=007  ta
=008  070412c20089999enktr\p\\\\\\\0\\\a0eng\\
=022  0\$a1754-3630
=040  \\$aUk$beng$cUk
=222  \0$aChina arts$b(Print)
=245  00$aChina arts (Print).
=260  \\$aAbingdon :$bTaylor & Francis
=263  \\$a200801
=310  \\$aThree issues yearly
=336  \\$atext$2rdacontent
=337  \\$aunmediated$2rdamedia
=338  \\$avolume$2rdacarrier
=776  0\$tChina arts$c(Online)$x1754-3649
=985  \\$aISSN responsibility transferred to the United States ISSN Centre June 2007 (Multinational Publisher Agreement).
=CAT  \\$a11313$b40$c20070412$lBLL01$h1434
=CAT  \\$a6537$b40$c20070601$lBLL01$h1337
=FMT  \\$a  SE
=LAS  \\$a6537$b40$c20070601$lBLL01$h1337
=TCO  \\$aCLA$bCLA$c008

