=LDR  00918 as a22003018a 4500
=001  013712662
=003  Uk
=005  20070601133816.0
=006  m\\\\\\\\d\|\\\\\\
=007  cr||||||||||||
=008  070412c20089999enktr\p\s\\\\\0\\\a0eng\\
=022  0\$a1754-3649
=040  \\$aUk$beng$cUk
=222  \0$aChina arts$b(Online)
=245  00$aChina arts (Online).
=260  \\$aAbingdon :$bTaylor & Francis
=263  \\$a200801
=310  \\$aThree issues yearly
=336  \\$atext$2rdacontent
=337  \\$acomputer$2rdamedia
=338  \\$aonline resource$2rdacarrier
=776  0\$tChina arts$c(Print)$x1754-3630
=985  \\$aISSN responsibility transferred to the United States ISSN Centre June 2007 (Multinational Publisher Agreement).
=CAT  \\$a11313$b40$c20070412$lBLL01$h1436
=CAT  \\$a6537$b40$c20070601$lBLL01$h1338
=FMT  \\$a  SE
=LAS  \\$a6537$b40$c20070601$lBLL01$h1338
=TCO  \\$aCLA$bCLA$c008

