=LDR  05130cas a22010457a 4500
=001  013729328
=003  Uk
=005  20221231213549.0
=007  ta
=008  070424c20049999enkqr\p\\\\\\\0\\\a0eng\\
=022  0\$a1573-062X
=040  \\$aUk$beng$cUk
=082  04$a627$222
=210  0\$aUrban water j.$b(Print)
=222  \0$aUrban water journal$b(Print)
=245  00$aUrban water journal.
=260  \\$aAbingdon :$bTaylor & Francis
=310  \\$aQuarterly
=336  \\$atext$2rdacontent
=337  \\$aunmediated$2rdamedia
=338  \\$avolume$2rdacarrier
=540  \\$aCurrent copyright fee: GBP43.00$c2\0$5Uk
=776  0\$tUrban water journal (Online)$x1744-9006
=780  00$tUrban water$x1462-0758
=856  \\$31850-9999$uhttp://www.tandfonline.com/$xBLDSS
=945  \\$aUrban water journal -Amsterdam then London-
=979  \\$aBritish Library$bDSC$j9123.753500
=985  \\$aCorrected by MS generated file for WR# 12.018
=985  \\$aISSN RECORD ONLY. Please do not merge or add items. Minor title change assigned ISSN before rule change.
=985  \\$aISSN responsibility transferred from ISSN Netherlands 06/04/07.
=985  \\$aISSN responsibility taken by US ISSN Center (multinational publisher), 11.09.2013.
=ACF  \\$aPrevious Copyright Fee: GBP31.00$c0$e01-jul-2012$fGBP31.00$g0$hC$5Uk
=ACF  \\$aPrevious Copyright Fee: GBP31.00$c0$e01-apr-2012$fGBP31.00$g0$hC$5Uk
=ACF  \\$aPrevious Copyright Fee: GBP31.00$c0$e01-jan-2012$fGBP31.00$g0$hC$5Uk
=ACF  \\$aPrevious Copyright Fee: GBP26.50$c0$e01-oct-2011$fGBP26.50$g0$hC$5Uk
=ACF  \\$aPrevious Copyright Fee: GBP26.50$c0$e01-jul-2011$fGBP26.50$g0$hC$5Uk
=ACF  \\$aPrevious Copyright Fee: GBP26.50$c0$e01-apr-2011$fGBP26.50$g0$hC$5Uk
=ACF  \\$aPrevious Copyright Fee: GBP26.50$c0$e01-jan-2011$fGBP26.50$g0$hC$5Uk
=ACF  \\$aPrevious Copyright Fee: GBP22.26$c0$e01-oct-2010$fGBP22.26$g0$hC$5Uk
=ACF  \\$aPrevious Copyright Fee: GBP22.26$c0$e01-jul-2010$fGBP22.26$g0$hC$5Uk
=ACF  \\$aPrevious Copyright Fee: GBP22.26$c0$e01-apr-2010$fGBP22.26$g0$hC$5Uk
=ACF  \\$aPrevious Copyright Fee: GBP21.43$c0$e01-jul-2009$fGBP21.43$g0$hC$5Uk
=ACF  \\$aPrevious Copyright Fee: GBP21.43$c0$e01-apr-2009$fGBP21.43$g0$hC$5Uk
=ACF  \\$aPrevious Copyright Fee: GBP18.75$c0$e01-jan-2009$fGBP18.75$g0$hC$5Uk
=ACF  \\$aPrevious Copyright Fee: GBP15.00$c0$e01-oct-2008$fGBP15.00$g0$hC$5Uk
=ACF  \\$aPrevious Copyright Fee: GBP15.00$c0$e01-jul-2008$fGBP15.00$g0$hC$5Uk
=ACF  \\$aPrevious Copyright Fee: GBP15.00$c0$e01-apr-2008$fGBP15.00$g0$hC$5Uk
=ACF  \\$aPrevious Copyright Fee: GBP31.00$c0$e01-oct-2012$fGBP31.00$g0$hC$5Uk
=ACF  \\$aPrevious copyright fee: GBP27.00$c2\0$e09-nov-2012$fGBP27.00$g0$hP$5Uk
=ACF  \\$aPrevious copyright fee: GBP27.50$c2\0$e01-jan-2013$fGBP27.50$g0$hP$5Uk
=ACF  \\$aPrevious copyright fee: GBP28.00$c2\0$e01-jan-2014$fGBP28.00$g0$hP$5Uk
=ACF  \\$aPrevious copyright fee: GBP30.00$c2\0$e01-jan-2015$fGBP30.00$g0$hP$5Uk
=ACF  \\$aPrevious copyright fee: GBP34.00$c2\0$e01-jan-2016$fGBP34.00$g0$hP$5Uk
=ACF  \\$aPrevious copyright fee: GBP31.00$c2\0$e01-apr-2016$fGBP31.00$g0$hP$5Uk
=ACF  \\$aPrevious Copyright Fee: GBP42.55$c0$e01-apr-2019$fGBP42.55$g0$hC$5Uk
=ACF  \\$aPrevious Copyright Fee: GBP40.25$c0$e01-apr-2018$fGBP40.25$g0$hC$5Uk
=ACF  \\$aPrevious copyright fee: GBP37.00$c2\0$e20-dec-2019$fGBP37.00$g0$hP$5Uk
=ACF  \\$aPrevious copyright fee: GBP39.00$c2\0$e01-jan-2020$fGBP39.00$g0$hP$5Uk
=CAT  \\$a11316$b40$c20070424$lBLL01$h0837
=CAT  \\$aIPL-CLA$c20151231$lBLL01$h1925
=CAT  \\$a5552$b40$c20160303$lBLL01$h0923
=CAT  \\$aIPL-CLA$c20160331$lBLL01$h1739
=CAT  \\$aBATCH-UPD$b00$c20160413$lBLL01$h1821
=CAT  \\$aBATCH-UPD$b00$c20161122$lBLL01$h1505
=CAT  \\$aBATCH-UPD$b00$c20161122$lBLL01$h1539
=CAT  \\$aIPL-CLA$c20161230$lBLL01$h2214
=CAT  \\$a5552$b40$c20170210$lBLL01$h1204
=CAT  \\$aBATCH-UPD$b40$c20171121$lBLL01$h1655
=CAT  \\$aIPL-CLA$c20171231$lBLL01$h1705
=CAT  \\$a10969$b40$c20180215$lBLL01$h1216
=CAT  \\$a10969$b40$c20180215$lBLL01$h1252
=CAT  \\$a10969$b40$c20180215$lBLL01$h1257
=CAT  \\$aBATCH-CLA$b00$c20180228$lBLL01$h1646
=CAT  \\$aIPL-CLA$c20180331$lBLL01$h1628
=CAT  \\$aBATCH-CLA$b00$c20190228$lBLL01$h1623
=CAT  \\$aIPL-CLA$c20190331$lBLL01$h1727
=CAT  \\$a5552$b40$c20191220$lBLL01$h0841
=CAT  \\$aBLDSS-3PM$b00$c20191223$lBLL01$h1449
=CAT  \\$aBATCH-UPD$b00$c20191223$lBLL01$h1702
=CAT  \\$aIPL-CLA$c20191231$lBLL01$h1945
=CAT  \\$aBATCH-UPD$b00$c20201118$lBLL01$h1341
=CAT  \\$aIPL-CLA$c20201231$lBLL01$h2220
=CAT  \\$aBATCH-UPD$b00$c20221121$lBLL01$h1340
=CAT  \\$aIPL-CLA$c20221231$lBLL01$h2135
=CFI  0\$aCurrent copyright fee: GBP43.00$c2\0$e01-jan-2023$fGBP43.00$g0$hP$5Uk
=CFI  2\$aPrevious copyright fee: GBP41.00$c2\0$e01-jan-2021$fGBP41.00$g0$hP$5Uk
=FFP  \\$aY$bBLDSS-3PM
=FMT  \\$a  SE
=LAS  \\$aIPL-CLA$b00$c20221231$lBLL01$h2135
=TCO  \\$aCLA$bCLA$c008

