=LDR  03250 as a22007458a 4500
=001  013737343
=003  Uk
=005  20080922155807.0
=007  ta
=008  070502c20089999enkqr\p\\\\\\\0\\\a0eng\\
=022  0\$a1754-5730
=040  \\$aUk$beng$cUk
=082  04$a384.5$222
=222  \0$aInternational journal of rf technologies$b(Print)
=245  00$aInternational journal of rf technologies (Print).
=246  3\$aInternational journal of radio frequency technologies
=260  \\$aAbingdon :$bTaylor & Francis
=263  \\$a200803
=310  \\$aQuartely
=336  \\$atext$2rdacontent
=337  \\$aunmediated$2rdamedia
=338  \\$avolume$2rdacarrier
=540  \\$aBritish Library not licensed to copy$c0$5Uk
=776  0\$tInternational journal of rf technologies$c(Online)$x1754-5749
=985  \\$aCorrected by MS generated file for WR# 12.018
=985  \\$aISSN responsibility transferred to the United States ISSN Centre June 2007 (Multinational Publisher Agreement).
=ACF  \\$aPrevious Copyright Fee: GBP21.43$c0$e01-jul-2009$fGBP21.43$g0$hC$5Uk
=ACF  \\$aPrevious Copyright Fee: GBP21.43$c0$e01-apr-2009$fGBP21.43$g0$hC$5Uk
=ACF  \\$aPrevious Copyright Fee: GBP18.75$c0$e01-jan-2009$fGBP18.75$g0$hC$5Uk
=ACF  \\$aPrevious Copyright Fee: GBP15.00$c0$e01-oct-2008$fGBP15.00$g0$hC$5Uk
=ACF  \\$aPrevious Copyright Fee: GBP15.00$c0$e01-jul-2008$fGBP15.00$g0$hC$5Uk
=ACF  \\$aPrevious Copyright Fee: GBP15.00$c0$e01-apr-2008$fGBP15.00$g0$hC$5Uk
=ACF  \\$aPrevious copyright fee: GBP10.50$c0$e01-jan-2011$fGBP10.50$g0$hA$5Uk
=ACF  \\$aPrevious copyright fee: GBP12.00$c0$e01-jan-2012$fGBP12.00$g0$hA$5Uk
=CAT  \\$a11439$b40$c20070502$lBLL01$h1423
=CAT  \\$aBATCH-UPD$b40$c20080930$lBLL01$h2254
=CAT  \\$aBATCH-UPD$b40$c20081001$lBLL01$h0013
=CAT  \\$aBATCH$b00$c20081001$lBLL01$h0128
=CAT  \\$aBATCH-CLA$b00$c20081128$lBLL01$h1730
=CAT  \\$aBATCH-UPD$b00$c20081231$lBLL01$h2326
=CAT  \\$aBATCH-UPD$b00$c20090101$lBLL01$h0056
=CAT  \\$aBATCH$b00$c20090101$lBLL01$h0231
=CAT  \\$aBATCH-CLA$b00$c20090227$lBLL01$h1631
=CAT  \\$aBATCH-UPD$b00$c20090331$lBLL01$h2317
=CAT  \\$aBATCH-UPD$b00$c20090401$lBLL01$h0047
=CAT  \\$aBATCH$b00$c20090401$lBLL01$h0216
=CAT  \\$aBATCH-CLA$b00$c20090529$lBLL01$h1708
=CAT  \\$aBATCH-UPD$b00$c20090701$lBLL01$h2018
=CAT  \\$aBATCH-UPD$b00$c20090701$lBLL01$h2042
=CAT  \\$aBATCH$b00$c20090701$lBLL01$h2103
=CAT  \\$aBATCH-UPD$b00$c20101201$lBLL01$h1250
=CAT  \\$aIPL-CLA$c20101231$lBLL01$h1521
=CAT  \\$aWR11_203$c20111204$lBLL01$h1512
=CAT  \\$aIPL-CLA$c20111230$lBLL01$h2027
=CAT  \\$aBLSS-CORR$b00$c20120724$lBLL01$h1800
=CAT  \\$aBATCH-CLA$b00$c20121109$lBLL01$h1725
=CAT  \\$aBATCH-CLA$c20131220$lBLL01$h2042
=CAT  \\$aIPL-CLA$c20140101$lBLL01$h0018
=CAT  \\$aBATCH-CLA$b00$c20140530$lBLL01$h1714
=CAT  \\$aIPL-CLA$c20140630$lBLL01$h1732
=CFI  0\$aBritish Library not licensed to copy$c0$e01-jul-2014$hC$iCFP Excluded$5Uk
=CFI  2\$aPrevious Copyright Fee: GBP12.30$c0$e01-jan-2014$fGBP12.30$g0$hA$5Uk
=FMT  \\$a  SE
=LAS  \\$aIPL-CLA$b00$c20140630$lBLL01$h1732
=TCO  \\$aCLA$bCLA$c008

