=LDR  04020cas a22008658a 4500
=001  013737631
=003  Uk
=005  20221231213616.0
=007  ta
=008  070503c20089999enkfr\p\\\\\\\0\\\a0eng\\
=022  0\$a1754-6559
=040  \\$aUk$beng$cUk
=222  \0$aJournal of medieval Iberian studies$b(Print)
=245  00$aJournal of medieval Iberian studies (Print).
=260  \\$aAbingdon :$bTaylor & Francis
=263  \\$a200801
=310  \\$aSemiannual
=336  \\$atext$2rdacontent
=337  \\$aunmediated$2rdamedia
=338  \\$avolume$2rdacarrier
=540  \\$aCurrent copyright fee: GBP37.00$c2\0$5Uk
=776  0\$tJournal of medieval Iberian studies$c(Online)$x1754-6567
=856  \\$31850-9999$uhttp://www.tandfonline.com/$xBLDSS
=945  \\$aJournal of medieval Iberian studies.
=979  \\$aBritish Library$cDSC$j5017.572000N
=985  \\$aISSN responsibility transferred to the United States ISSN Centre June 2007 (Multinational Publisher Agreement).
=ACF  \\$aPrevious Copyright Fee: GBP26.00$c0$e01-apr-2012$fGBP26.00$g0$hC$5Uk
=ACF  \\$aPrevious Copyright Fee: GBP26.00$c0$e01-jan-2012$fGBP26.00$g0$hC$5Uk
=ACF  \\$aPrevious Copyright Fee: GBP22.26$c0$e01-oct-2011$fGBP22.26$g0$hC$5Uk
=ACF  \\$aPrevious Copyright Fee: GBP22.26$c0$e01-jul-2011$fGBP22.26$g0$hC$5Uk
=ACF  \\$aPrevious Copyright Fee: GBP22.26$c0$e01-apr-2011$fGBP22.26$g0$hC$5Uk
=ACF  \\$aPrevious Copyright Fee: GBP22.26$c0$e01-jan-2011$fGBP22.26$g0$hC$5Uk
=ACF  \\$aPrevious Copyright Fee: GBP26.00$c0$e01-jul-2012$fGBP26.00$g0$hC$5Uk
=ACF  \\$aPrevious Copyright Fee: GBP26.00$c0$e01-oct-2012$fGBP26.00$g0$hC$5Uk
=ACF  \\$aPrevious Copyright Fee: GBP27.00$c0$e01-jan-2013$fGBP27.00$g0$hC$5Uk
=ACF  \\$aPrevious Copyright Fee: GBP28.75$c0$e01-jan-2015$fGBP28.75$g0$hC$5Uk
=ACF  \\$aPrevious Copyright Fee: GBP27.60$c0$e01-jan-2014$fGBP27.60$g0$hC$5Uk
=ACF  \\$aPrevious Copyright Fee: GBP25.00$c2\0$e03-feb-2015$fGBP25.00$g0$hP$5Uk
=ACF  \\$aPrevious copyright fee: GBP26.00$c2\0$e01-jan-2016$fGBP26.00$g0$hP$5Uk
=ACF  \\$aPrevious copyright fee: GBP28.00$c2\0$e01-jan-2017$fGBP28.00$g0$hP$5Uk
=ACF  \\$aPrevious copyright fee: GBP30.00$c2\0$e01-jan-2018$fGBP30.00$g0$hP$5Uk
=ACF  \\$aPrevious copyright fee: GBP32.00$c2\0$e01-jan-2019$fGBP32.00$g0$hP$5Uk
=ACF  \\$aPrevious copyright fee: GBP34.00$c2\0$e01-jan-2020$fGBP34.00$g0$hP$5Uk
=CAT  \\$a11313$b40$c20070503$lBLL01$h0859
=CAT  \\$aIPL-CLA$c20130102$lBLL01$h1752
=CAT  \\$aBATCH-CLA$b00$c20131129$lBLL01$h1649
=CAT  \\$aIPL-CLA$c20140101$lBLL01$h0018
=CAT  \\$aBATCH-CLA$b00$c20141128$lBLL01$h0926
=CAT  \\$aIPL-CLA$c20141231$lBLL01$h1655
=CAT  \\$a5552$b40$c20150203$lBLL01$h1554
=CAT  \\$aBLDSS-3PM$b00$c20150513$lBLL01$h0806
=CAT  \\$aBATCH-UPD$b00$c20151119$lBLL01$h1544
=CAT  \\$aIPL-CLA$c20151231$lBLL01$h1925
=CAT  \\$aBATCH-UPD$b00$c20160413$lBLL01$h1821
=CAT  \\$aBATCH-UPD$b00$c20161122$lBLL01$h1513
=CAT  \\$aBATCH-UPD$b00$c20161122$lBLL01$h1618
=CAT  \\$aIPL-CLA$c20161230$lBLL01$h2215
=CAT  \\$a5552$b40$c20170418$lBLL01$h1158
=CAT  \\$a5410$b40$c20170427$lBLL01$h1348
=CAT  \\$aBATCH-UPD$b40$c20171121$lBLL01$h1648
=CAT  \\$aIPL-CLA$c20171231$lBLL01$h1705
=CAT  \\$aBATCH-UPD$b00$c20181217$lBLL01$h1639
=CAT  \\$aIPL-CLA$c20181231$lBLL01$h1545
=CAT  \\$aBATCH-UPD$b00$c20191122$lBLL01$h1901
=CAT  \\$aIPL-CLA$c20191231$lBLL01$h1945
=CAT  \\$aBATCH-UPD$b00$c20201118$lBLL01$h1334
=CAT  \\$aIPL-CLA$c20201231$lBLL01$h2220
=CAT  \\$aBATCH-UPD$b00$c20221121$lBLL01$h1347
=CAT  \\$aIPL-CLA$c20221231$lBLL01$h2136
=CFI  0\$aCurrent copyright fee: GBP37.00$c2\0$e01-jan-2023$fGBP37.00$g0$hP$5Uk
=CFI  2\$aPrevious copyright fee: GBP35.00$c2\0$e01-jan-2021$fGBP35.00$g0$hP$5Uk
=FFP  \\$aY$bBLDSS-3PM
=FMT  \\$a  SE
=LAS  \\$aIPL-CLA$b00$c20221231$lBLL01$h2136
=TCO  \\$aCLA$bCLA$c008

