=LDR  01004 as a22003137a 4500
=001  013759427
=003  Uk
=005  20200302090801.0
=007  ta
=008  070602c200u9999enkuu\m\\\\\\\0\\\a0eng\\
=022  0\$a1754-9655
=040  \\$aUk$beng$cUk
=222  \0$aScience in society series
=245  00$aScience in society series.
=260  \\$aLondon :$bEarthscan
=264  21$a[London] :$b[Earthscan from Routledge]
=264  31$a[London] :$b[Routledge, Taylor & Francis Group]
=336  \\$atext$2rdacontent
=337  \\$aunmediated$2rdamedia
=338  \\$avolume$2rdacarrier
=776  08$iAlso issued online as:$tScience in society series$x2690-6120
=985  \\$aISSN responsibility transferred from ISSN UK to US ISSN Center, March 2 2020.
=CAT  \\$a8124$b40$c20070602$lBLL01$h0932
=CAT  \\$a11313$b40$c20200302$lBLL01$h0904
=CAT  \\$a11313$b40$c20200302$lBLL01$h0908
=FIN  \\$aY$d20070602
=FMT  \\$a  SE
=LAS  \\$a11313$b40$c20200302$lBLL01$h0908
=TCO  \\$aCLA$bCLA$c008

