=LDR  03355cas a22008057a 4500
=001  013763464
=003  Uk
=005  20211231154402.0
=007  ta
=008  070607c200u9999enk\x\p\\\\\\\0\\\a0eng\\
=022  0\$a1651-5323
=040  \\$aUk$beng$cUk
=210  0\$aHPB, Suppl.
=222  \0$aHPB. Supplement
=245  00$aHPB.$pSupplement.
=246  3\$aHepato pancreato biliary. Supplement
=260  \\$a[Great Britain] :$bTaylor & Francis Health Sciences
=264  31$a[Chichester?] :$b[Elsevier]
=336  \\$atext$2rdacontent
=337  \\$aunmediated$2rdamedia
=338  \\$avolume$2rdacarrier
=540  \\$aCurrent copyright fee: GBP34.30$c5\1$5Uk
=710  2\$aInternational Hepato-Pancreato-Biliary Association.
=772  0\$tHPB (Oxford)$x1365-182X
=856  \\$31850-9999$uhttp://onlinelibrary.wiley.com/$xBLDSS
=945  \\$aHPB -Supplement-.
=979  \\$aBritish Library$bDSC$j4335.262342N
=985  \\$aISSN responsibility transferred to ISSN UK Centre 7/6/07
=985  \\$aISSN record only. Please do not merge or add items. SF 7/06/07
=985  \\$aResponsibility for ISSN transferred to ISSN Netherlands Centre from the ISSN UK Centre, August 2, 2017.
=ACF  \\$aPrevious Copyright Fee: GBP18.00$c0$e01-oct-2008$fGBP18.00$g0$hC$5Uk
=ACF  \\$aPrevious copyright fee: GBP17.00$c35\0$e01-jan-2009$fGBP17.00$g0$hP$5Uk
=ACF  \\$aPrevious copyright fee: GBP24.00$c35\0$e01-mar-2015$fGBP24.00$g0$hP$5Uk
=ACF  \\$aPrevious copyright fee: GBP22.00$c35\0$e01-jan-2011$fGBP22.00$g0$hP$5Uk
=ACF  \\$aPrevious copyright fee: GBP22.50$c5\1$e11-dec-2015$fGBP22.50$g0$hP$5Uk
=ACF  \\$aPrevious copyright fee: GBP23.40$c5\1$e01-jan-2018$fGBP23.40$g0$hP$5Uk
=CAT  \\$a11316$b40$c20070607$lBLL01$h1238
=CAT  \\$a11316$b40$c20070717$lBLL01$h1519
=CAT  \\$aBATCH-CLA$b00$c20080829$lBLL01$h1835
=CAT  \\$aBATCH-UPD$b00$c20081001$lBLL01$h0013
=CAT  \\$aBATCH$b00$c20081001$lBLL01$h0128
=CAT  \\$a5552$b40$c20081111$lBLL01$h1549
=CAT  \\$aBATCH-UPD$b40$c20081231$lBLL01$h2326
=CAT  \\$aBATCH-UPD$b40$c20090101$lBLL01$h0056
=CAT  \\$aBATCH$b00$c20090101$lBLL01$h0232
=CAT  \\$aBATCH-UPD$b00$c20101116$lBLL01$h1335
=CAT  \\$aIPL-CLA$c20101231$lBLL01$h1522
=CAT  \\$aBATCH-CLA$b00$c20121109$lBLL01$h1725
=CAT  \\$aBLDSS-3PM$b00$c20141214$lBLL01$h1524
=CAT  \\$aBATCH-UPD$b00$c20150215$lBLL01$h1659
=CAT  \\$aIPL-CLA$c20150228$lBLL01$h2051
=CAT  \\$a5552$b40$c20151211$lBLL01$h0910
=CAT  \\$aBATCH-UPD$b40$c20160413$lBLL01$h1821
=CAT  \\$aBATCH-UPD$b40$c20160924$lBLL01$h0125
=CAT  \\$a5552$b40$c20170518$lBLL01$h1354
=CAT  \\$a11205$b40$c20170802$lBLL01$h1209
=CAT  \\$aBATCH-UPD$b40$c20171121$lBLL01$h1748
=CAT  \\$aIPL-CLA$c20171231$lBLL01$h1706
=CAT  \\$aBATCH-UPD$b00$c20190521$lBLL01$h1439
=CAT  \\$aIPL-CLA$c20190630$lBLL01$h1538
=CAT  \\$aBATCH-UPD$b00$c20211119$lBLL01$h1556
=CAT  \\$aIPL-CLA$c20211231$lBLL01$h1544
=CFI  0\$aCurrent copyright fee: GBP34.30$c5\1$e01-jan-2022$fGBP34.30$g0$hP$5Uk
=CFI  2\$aPrevious copyright fee: GBP32.84$c5\1$e01-jul-2019$fGBP32.84$g0$hP$5Uk
=FFP  \\$aY$bBLDSS-3PM
=FIN  \\$aY$d20070607
=FMT  \\$a  SE
=LAS  \\$aIPL-CLA$b00$c20211231$lBLL01$h1544
=TCO  \\$aCLA$bCLA$c008
=TOC  \\$aETOC

