=LDR  01019 as a22003018a 4500
=001  013780116
=003  Uk
=005  20070629134857.0
=006  m\\\\\\\\d\|\\\\\\
=007  cr||||||||||||
=008  070628c20089999enkfr\p\s\\\\\0\\\a0eng\\
=022  0\$a1755-1854
=040  \\$aUk$beng$cUk
=222  \0$aInternational journal of social entrepreneurship$b(Online)
=245  00$aInternational journal of social entrepreneurship (Online).
=260  \\$aAbingdon :$bRoutledge
=263  \\$a200802
=310  \\$aSemi-annual
=336  \\$atext$2rdacontent
=337  \\$acomputer$2rdamedia
=338  \\$aonline resource$2rdacarrier
=776  0\$tInternational journal of social entrepreneurship$c(Print)$x1755-1846
=985  \\$aISSN responsibility transferred to the United States ISSN Centre June 2007 (Multinational Publisher Agreement).
=CAT  \\$a11313$b40$c20070628$lBLL01$h0825
=CAT  \\$a11316$b40$c20070629$lBLL01$h1348
=FMT  \\$a  SE
=LAS  \\$a11316$b40$c20070629$lBLL01$h1348
=TCO  \\$aCLA$bCLA$c008

