=LDR  02489cas a2200673 a 4500
=001  013792682
=003  Uk
=005  20230511162928.0
=007  ta
=008  070713c20089999cc\fr\p\\\\\\\0\\\a0eng\\
=022  0\$a1755-3091
=040  \\$aUk$beng$cUk
=042  \\$aukblsr
=082  04$a657.095105$222
=222  \0$aChina journal of accounting research
=245  00$aChina journal of accounting research.
=246  14$aZhongguo kuaiji xue kan
=260  \\$aHong Kong :$bLexisNexis,$c2008-
=300  \\$av. ;$c24 cm.
=310  \\$aSemiannual
=336  \\$atext$2rdacontent
=337  \\$aunmediated$2rdamedia
=338  \\$avolume$2rdacarrier
=362  0\$aVol. 1, issue 1 (June 2008)-
=540  \\$aCurrent copyright fee: zero$c5\1$5Uk
=650  \0$aAccounting$zChina$vPeriodicals.
=650  \0$aCorporate governance$zChina$vPeriodicals.
=650  \0$aAuditing$zChina$vPeriodicals.
=776  08$iAlso issued online as:$tChina journal of accounting research$x2214-1421
=856  \\$31850-9999$uhttp://www.elsevier.com/journals$xBLDSS
=945  \\$aChina journal of accounting research
=979  \\$aBritish Library$bDSC$j3180.180250N
=985  \\$aISSN responsibility transferred to ISSN Netherlands Centre - 15/4/2015
=ACF  \\$aPrevious copyright fee: GBP21.00$c5\1$e26-nov-2012$fGBP21.00$g0$hP$5Uk
=CAT  \\$a11313$b40$c20070713$lBLL01$h1104
=CAT  \\$a11315$b40$c20090505$lBLL01$h1350
=CAT  \\$aWR11_155$c20120104$lBLL01$h1854
=CAT  \\$a5552$b40$c20121126$lBLL01$h1212
=CAT  \\$a5552$b40$c20121126$lBLL01$h1216
=CAT  \\$aIPL-CLA$c20121231$lBLL01$h1323
=CAT  \\$aIPL-CLA$c20130102$lBLL01$h1753
=CAT  \\$a11316$b40$c20130201$lBLL01$h1353
=CAT  \\$a10806$b40$c20130311$lBLL01$h1432
=CAT  \\$a11315$b40$c20130404$lBLL01$h0935
=CAT  \\$aBLDSS-3PM$b00$c20141222$lBLL01$h1716
=CAT  \\$a10806$b40$c20150120$lBLL01$h1151
=CAT  \\$a11316$b40$c20150415$lBLL01$h1352
=CAT  \\$aBATCH-UPD$b40$c20160413$lBLL01$h1821
=CAT  \\$a5552$b40$c20160429$lBLL01$h1104
=CAT  \\$aBATCH-FIX$c20230511$lBLL01$h1629
=CAT  \\$aBATCH-UPD$b00$c20230511$lBLL01$h1909
=CFI  0\$aCurrent copyright fee: zero$c5\1$e29-apr-2016$fGBP0.00$g0$hP$5Uk
=CFI  2\$aPrevious copyright fee: GBP22.50$c5\1$e01-jan-2013$fGBP22.50$g0$hP$5Uk
=FFP  \\$aY$bBLDSS-3PM
=FIN  \\$aY$d20090505
=FMT  \\$a  SE
=LAS  \\$aBATCH-UPD$b00$c20230511$lBLL01$h1909
=TCO  \\$aZZZ$c008
=TOC  \\$aETOC

