=LDR  01461cas a22003978a 4500
=001  013792927
=003  Uk
=005  20230210010559.0
=007  ta
=008  070713c20079999enkar\m\\\\\\\0\\\a0eng\\
=022  0\$a1755-3512
=040  \\$aUk$beng$cUk
=222  \0$aPerspectives on information management$b(Qualify)
=245  00$aPerspectives on information management.
=260  \\$aOxford :$bElsevier
=263  \\$a200711
=310  \\$aAnnual
=336  \\$atext$2rdacontent
=337  \\$aunmediated$2rdamedia
=338  \\$avolume$2rdacarrier
=540  \\$aCurrent Copyright Fee: GBP25.00$c0$5Uk
=985  \\$aISSN responsibility transferred to the Netherlands ISSN Centre Oct. 2007 (Multinational Publisher Agreement).
=ACF  \\$aPrevious Copyright Fee: GBP25.00$c0$e01-jan-2020$fGBP25.00$g0$hC$5Uk
=CAT  \\$a6537$b40$c20070713$lBLL01$h1253
=CAT  \\$a11316$b40$c20070924$lBLL01$h1526
=CAT  \\$aBATCH-CLA$b00$c20191129$lBLL01$h1627
=CAT  \\$aIPL-CLA$c20191231$lBLL01$h1946
=CAT  \\$aBATCH-CLA$b00$c20221130$lBLL01$h1431
=CAT  \\$aIPL-CLA$c20221231$lBLL01$h2139
=CAT  \\$aBATCH-CLA$b00$c20230209$lBLL01$h1519
=CAT  \\$aIPL-CLA$c20230210$lBLL01$h0105
=CFI  0\$aCurrent Copyright Fee: GBP25.00$c0$e09-feb-2023$fGBP25.00$g0$hC$5Uk
=CFI  2\$aBritish Library not licensed to copy$c0$e01-jan-2023$hC$iCFP Excluded$5Uk
=FMT  \\$a  SE
=LAS  \\$aIPL-CLA$b00$c20230210$lBLL01$h0105
=TCO  \\$aCLA$bCLA$c008

