=LDR  01293 as a22003497a 4500
=001  013798822
=003  Uk
=005  20160218134440.0
=006  m\\\\\\\\d\|\\\\\\
=007  cr||||||||||||
=008  070723c19989999enk\x\p\s\\\\\0\\\a0eng\\
=022  0\$a1651-2510
=040  \\$aUk$beng$cUk
=222  \0$aScandinavian cardiovascular journal. Supplement$b(Online)
=245  00$aScandinavian cardiovascular journal.$pSupplement$h[electronic resource].
=260  \\$aLondon :$bInforma Healthcare
=336  \\$atext$2rdacontent
=337  \\$acomputer$2rdamedia
=338  \\$aonline resource$2rdacarrier
=710  2\$aScandinavian Association for Thoracic Surgery.
=772  0\$tScandinavian cardiovascular journal (Online)$x1651-2006
=776  0\$tScandinavian cardiovascular journal. Supplement$x1401-7458
=856  40$uhttp://www.tandf.co.uk/journals/titles/14017431.asp
=985  \\$aISSN Responsibility transferred to ISSN UK Centre from ISSN Sweden 17.7.07
=985  \\$aISSN responsibility transferred to U.S. Center 18.2.16.
=CAT  \\$a11316$b40$c20070723$lBLL01$h1458
=CAT  \\$a10806$b40$c20160216$lBLL01$h1052
=CAT  \\$a10973$b40$c20160218$lBLL01$h1344
=FIN  \\$aY$d20070723
=FMT  \\$a  SE
=LAS  \\$a10973$b40$c20160218$lBLL01$h1344
=TCO  \\$aCLA$bCLA$c008

