=LDR  01452 as a22003737a 4500
=001  013799222
=003  Uk
=005  20101223105812.0
=006  m\\\\\\\\d\|\\\\\\
=007  cr||||||||||||
=008  070724c20009999enk\x\p\s\\\\\0\\\a0eng\\
=022  0\$a1651-2596
=040  \\$aUk$beng$cUk
=082  04$a616.9041$222
=210  1\$aMicrob. ecol. health dis., Suppl.$b(Online)
=222  \0$aMicrobial ecology in health & disease. Supplement$b(Online)
=245  00$aMicrobial ecology in health & disease.$pSupplement$h[electronic resource].
=246  30$aMicrobial ecology in health and disease.$pSupplement
=260  \\$a[London] :$bInforma Healthcare
=336  \\$atext$2rdacontent
=337  \\$acomputer$2rdamedia
=338  \\$aonline resource$2rdacarrier
=710  2\$aSociety for Intestinal Microbial Ecology and Disease.
=710  2\$aSociety for Microbial Ecology and Disease.
=772  0\$tMicrobial ecology in health and disease (Online)$x1651-2235
=776  0\$tMicrobial ecology in health and disease. Supplement$x1403-4174
=856  4\$uhttp://www.tandf.co.uk/journals/titles/0891060x.asp
=985  \\$aISSN responsibility transferred from ISSN Sweden 17/7/07. ISSN responsibility transferred to US ISSN Center 23/12/10
=CAT  \\$a11316$b40$c20070724$lBLL01$h0937
=CAT  \\$a11316$b40$c20101223$lBLL01$h1058
=FIN  \\$aY$d20070724
=FMT  \\$a  SE
=LAS  \\$a11316$b40$c20101223$lBLL01$h1058
=TCO  \\$aCLA$bCLA$c008

