=LDR  01103 as a22003497i 4500
=001  013826737
=003  Uk
=005  20151030112051.0
=007  ta
=008  070824c20109999nr\qr\p\\\\\\\0\\\a0eng\\
=022  0\$a1755-7674
=040  \\$aUk$beng$cUk$erda
=222  \0$aNigerian brands
=245  00$aNigerian brands.
=264  \1$aIkoyi, Lagos :$bWoodhouse Consulting Ltd
=310  \\$aQuarterly
=336  \\$atext$2rdacontent
=337  \\$aunmediated$2rdamedia
=338  \\$avolume$2rdacarrier
=588  \\$aISSN description based on: Issue 01 (January/February 2010).
=985  \\$aISSN responsibility transferred to ISSN Nigeria (via IC), 30.10.15.
=CAT  \\$a11439$b40$c20070824$lBLL01$h1131
=CAT  \\$a11439$b40$c20070824$lBLL01$h1415
=CAT  \\$a11130$b40$c20091008$lBLL01$h1552
=CAT  \\$a10997$b40$c20101117$lBLL01$h1325
=CAT  \\$a7778$b40$c20140528$lBLL01$h1438
=CAT  \\$a10973$b40$c20151014$lBLL01$h1044
=CAT  \\$a10973$b40$c20151030$lBLL01$h1120
=FIN  \\$aY$d20151014
=FMT  \\$a  SE
=LAS  \\$a10973$b40$c20151030$lBLL01$h1120
=TCO  \\$aCLA$bCLA$c008

