=LDR  04201cas a22008898a 4500
=001  014461372
=003  Uk
=005  20211231172509.0
=007  ta
=008  071130c20089999enkar\p\\\\\\\0\\\a0eng\\
=022  0\$a1756-4506
=040  \\$aUk$beng$cUk
=222  \0$aPaediatric respiratory reviews supplements
=245  00$aPaediatric respiratory reviews supplements.
=260  \\$aOxford :$bElsevier
=263  \\$a200803
=310  \\$aAnnual
=336  \\$atext$2rdacontent
=337  \\$aunmediated$2rdamedia
=338  \\$avolume$2rdacarrier
=540  \\$aCurrent copyright fee: GBP34.30$c5\1$5Uk
=772  0\$tPaediatric respiratory reviews$c(Print)$x1526-0542
=856  \\$31850-9999$uhttp://www.sciencedirect.com/$xBLDSS
=985  \\$aISSN responsibility transferred to the Netherlands ISSN Centre Dec. 2007 (Multinational Publisher Agreement).
=985  \\$aAccession supplements against 007187454.
=ACF  \\$aPrevious Copyright Fee: GBP21.00$c0$e01-apr-2012$fGBP21.00$g0$hC$5Uk
=ACF  \\$aPrevious Copyright Fee: GBP21.00$c0$e01-jan-2012$fGBP21.00$g0$hC$5Uk
=ACF  \\$aPrevious Copyright Fee: GBP20.00$c0$e01-oct-2011$fGBP20.00$g0$hC$5Uk
=ACF  \\$aPrevious Copyright Fee: GBP20.00$c0$e01-jul-2011$fGBP20.00$g0$hC$5Uk
=ACF  \\$aPrevious Copyright Fee: GBP20.00$c0$e01-apr-2011$fGBP20.00$g0$hC$5Uk
=ACF  \\$aPrevious Copyright Fee: GBP20.00$c0$e01-jan-2011$fGBP20.00$g0$hC$5Uk
=ACF  \\$aPrevious Copyright Fee: GBP20.00$c0$e01-oct-2010$fGBP20.00$g0$hC$5Uk
=ACF  \\$aPrevious Copyright Fee: GBP20.00$c0$e01-jul-2010$fGBP20.00$g0$hC$5Uk
=ACF  \\$aPrevious Copyright Fee: GBP20.00$c0$e01-apr-2010$fGBP20.00$g0$hC$5Uk
=ACF  \\$aPrevious Copyright Fee: GBP20.00$c0$e01-Jan-2010$fGBP20.00$g0$hC$5Uk
=ACF  \\$aPrevious Copyright Fee: GBP20.00$c0$e01-oct-2009$fGBP20.00$g0$hC$5Uk
=ACF  \\$aPrevious Copyright Fee: GBP20.00$c0$e01-jul-2009$fGBP20.00$g0$hC$5Uk
=ACF  \\$aPrevious Copyright Fee: GBP20.00$c0$e01-apr-2009$fGBP20.00$g0$hC$5Uk
=ACF  \\$aPrevious Copyright Fee: GBP20.00$c0$e01-jan-2009$fGBP20.00$g0$hC$5Uk
=ACF  \\$aPrevious Copyright Fee: GBP19.00$c0$e01-oct-2008$fGBP19.00$g0$hC$5Uk
=ACF  \\$aPrevious Copyright Fee: GBP21.00$c0$e01-jul-2012$fGBP21.00$g0$hC$5Uk
=ACF  \\$aPrevious Copyright Fee: GBP22.50$c0$e01-jan-2016$fGBP22.50$g0$hC$5Uk
=ACF  \\$aPrevious Copyright Fee: GBP21.00$c0$e01-oct-2012$fGBP21.00$g0$hC$5Uk
=ACF  \\$aPrevious Copyright Fee: GBP22.50$c5\1$e22-sep-2016$fGBP22.50$g0$hP$5Uk
=ACF  \\$aPrevious copyright fee: GBP23.40$c5\1$e01-jan-2018$fGBP23.40$g0$hP$5Uk
=CAT  \\$a11313$b40$c20071130$lBLL01$h1022
=CAT  \\$aIPL-CLA$c20110331$lBLL01$h1507
=CAT  \\$aBATCH-CLA$b00$c20110531$lBLL01$h1627
=CAT  \\$aIPL-CLA$c20110630$lBLL01$h1548
=CAT  \\$aBATCH-CLA$b00$c20110831$lBLL01$h1754
=CAT  \\$aIPL-CLA$c20110930$lBLL01$h1552
=CAT  \\$aBATCH-CLA$b00$c20111130$lBLL01$h1208
=CAT  \\$aIPL-CLA$c20111230$lBLL01$h2029
=CAT  \\$aBATCH-CLA$b00$c20120229$lBLL01$h1620
=CAT  \\$aIPL-CLA$c20120330$lBLL01$h1439
=CAT  \\$aBATCH-CLA$b00$c20120531$lBLL01$h1713
=CAT  \\$aIPL-CLA$c20120629$lBLL01$h1038
=CAT  \\$aBATCH-CLA$b00$c20120831$lBLL01$h1541
=CAT  \\$aIPL-CLA$c20120930$lBLL01$h2129
=CAT  \\$aBATCH-CLA$b00$c20121109$lBLL01$h1723
=CAT  \\$aBATCH-CLA$b00$c20151127$lBLL01$h1629
=CAT  \\$aIPL-CLA$c20151231$lBLL01$h1928
=CAT  \\$a5552$b40$c20160922$lBLL01$h1422
=CAT  \\$aBLDSS-3PM$b00$c20160927$lBLL01$h1707
=CAT  \\$aBATCH-UPD$b00$c20160927$lBLL01$h1717
=CAT  \\$aBATCH-UPD$b00$c20171121$lBLL01$h1749
=CAT  \\$aIPL-CLA$c20171231$lBLL01$h1729
=CAT  \\$aBATCH-UPD$b00$c20190521$lBLL01$h1441
=CAT  \\$aIPL-CLA$c20190630$lBLL01$h1539
=CAT  \\$aBATCH-UPD$b00$c20211119$lBLL01$h1557
=CAT  \\$aIPL-CLA$c20211231$lBLL01$h1725
=CFI  0\$aCurrent copyright fee: GBP34.30$c5\1$e01-jan-2022$fGBP34.30$g0$hP$5Uk
=CFI  2\$aPrevious copyright fee: GBP32.84$c5\1$e01-jul-2019$fGBP32.84$g0$hP$5Uk
=FFP  \\$aY$bBLDSS-3PM
=FMT  \\$a  SE
=LAS  \\$aIPL-CLA$b00$c20211231$lBLL01$h1725
=TCO  \\$aCLA$bCLA$c008

