=LDR  00940 as a22003137i 4500
=001  014479493
=003  Uk
=005  20151030111920.0
=007  ta
=008  071227c20099999nr\mr\\\\\\\\\0\\\a0eng\\
=022  0\$a1756-6037
=040  \\$aUk$beng$cUk$erda
=222  \0$aMarketing world$b(Ikeja)
=245  00$aMarketing world.
=264  \1$aIkeja, Lagos :$bInstinct Media
=310  \\$aMonthly
=336  \\$atext$2rdacontent
=337  \\$aunmediated$2rdamedia
=338  \\$avolume$2rdacarrier
=588  \\$aISSN description based on: issue 6 (2011).
=985  \\$aISSN responsibility transferred to ISSN Nigeria (via the IC), 30.10.15.
=CAT  \\$a11316$b40$c20071227$lBLL01$h1025
=CAT  \\$a11130$b40$c20090303$lBLL01$h0749
=CAT  \\$a10973$b40$c20151014$lBLL01$h1052
=CAT  \\$a10973$b40$c20151030$lBLL01$h1119
=FIN  \\$aY$d20151014
=FMT  \\$a  SE
=LAS  \\$a10973$b40$c20151030$lBLL01$h1119
=TCO  \\$aCLA$bCLA$c008

