=LDR  02791cas a22006377a 4500
=001  014590722
=003  Uk
=005  20230511162945.0
=006  m\\\\\\\\d\|\\\\\\
=007  cr||||||||||||
=008  080416c20029999cc\qr\p\o\\\\\0\\\a0eng\\
=022  \\$a1757-448X
=040  \\$aUk$beng$cUk$dUk
=042  \\$aukblsr
=210  0\$aJ. integr. neurosci.$b(Online)
=222  \0$aJournal of integrative neuroscience$b(Online)
=245  00$aJournal of integrative neuroscience$h[electronic resource].
=260  \\$a[London :$bImperial College Press] ;$aSingapore :$bWorld Scientific [distributor]
=264  21$32017.$a[Amsterdam, The Netherlands] :$bIOS Press
=264  31$32018-$aHong Kong :$bIMR Press
=310  \\$aSemiannual
=336  \\$atext$2rdacontent
=337  \\$acomputer$2rdamedia
=338  \\$aonline resource$2rdacarrier
=540  \\$aCurrent copyright fee: zero$c0$5Uk
=588  \\$aLatest issue consulted: volume 17, issue 1 (15 February 2018) (publisher's Website, viewed February 11, 2019).
=776  08$iAlso issued in print as:$tJournal of integrative neuroscience$x0219-6352
=856  \\$31850-9999$uhttp://www.worldscientific.com/$xBLDSS
=856  40$3Vol. 17 (2018)-$uhttp://jin.imrpress.org/EN/article/showOldAndCurrentVolumnList.do
=856  40$3Vol. 16 (2017)-$uhttp://www.iospress.nl/journal/journal-of-integrative-neuroscience/
=856  40$3Vol. 1 (2002)-vol. 15 (2016)$uhttp://www.worldscinet.com/jin/jin.shtml
=945  \\$aJOURNAL OF INTEGRATIVE NEUROSCIENCE
=979  \\$aBritish Library$bDSC$j5007.538425
=985  \\$aISSN responsibility transferred from ISSN UK Centre to Netherlands Centre - May 17, 2017.
=ACF  \\$aPrevious copyright fee: GBP30.00$c28\0$e17-oct-2017$fGBP30.00$g0$hP$5Uk
=CAT  \\$a11316$b40$c20080416$lBLL01$h0943
=CAT  \\$a11316$b40$c20080416$lBLL01$h0945
=CAT  \\$a11316$b40$c20080416$lBLL01$h0947
=CAT  \\$a11205$b40$c20170508$lBLL01$h1528
=CAT  \\$a11205$b40$c20170508$lBLL01$h1529
=CAT  \\$a11205$b40$c20170517$lBLL01$h0948
=CAT  \\$a8055$b40$c20171017$lBLL01$h1150
=CAT  \\$aBLDSS-3PM$b00$c20171027$lBLL01$h1015
=CAT  \\$aBATCH-UPD$b00$c20171027$lBLL01$h1015
=CAT  \\$a5552$b40$c20180214$lBLL01$h0850
=CAT  \\$aBATCH-UPD$b40$c20180219$lBLL01$h1704
=CAT  \\$a8323$b40$c20190211$lBLL01$h1139
=CAT  \\$a5552$b40$c20191101$lBLL01$h0812
=CAT  \\$aBATCH-FIX$c20230511$lBLL01$h1629
=CFI  0\$aCurrent copyright fee: zero$c0$e01-nov-2019$fGBP0.00$g0$hZ$5Uk
=CFI  2\$aPrevious copyright fee: GBP15.00$c27\0$e14-feb-2018$fGBP15.00$g0$hP$5Uk
=FIN  \\$aY$d20080416
=FMT  \\$a  SE
=LAS  \\$aBATCH-FIX$b00$c20230511$lBLL01$h1629
=LET  \0$aJournal of integrative neuroscience (Electronic)
=TCO  \\$aCLA$bCLA$c008

