=LDR  00966 as a22003138a 4500
=001  014666472
=003  Uk
=005  20121011151235.0
=007  ta
=008  080714c20089999cc\qr\\\\\\\\\0\\\a0eng\\
=022  0\$a1758-244X
=040  \\$aUk$beng$cUk
=222  \0$aMomentum$b(Hong Kong)
=245  00$aMomentum.
=260  \\$aHong Kong :$bChamber of Hong Kong Listed Companies
=263  \\$a200807
=310  \\$aQuarterly
=336  \\$atext$2rdacontent
=337  \\$aunmediated$2rdamedia
=338  \\$avolume$2rdacarrier
=985  \\$aISSN responsibility transferred to International Centre 11.10.12. See correspondence with IC in filing cabinet.
=CAT  \\$a11313$b40$c20080714$lBLL01$h1034
=CAT  \\$a11313$b40$c20080714$lBLL01$h1042
=CAT  \\$aWR11_155$c20120104$lBLL01$h1854
=CAT  \\$a10973$b40$c20121011$lBLL01$h1509
=CAT  \\$a10973$b40$c20121011$lBLL01$h1512
=FMT  \\$a  SE
=LAS  \\$a10973$b40$c20121011$lBLL01$h1512
=TCO  \\$aZZZ$c008

