=LDR  04253 as a2200949 a 4500
=001  014688475
=003  Uk
=005  20191231200643.0
=007  ta
=008  080807c20089999gw\mx\p\\\\\\\0\\\a0eng\\
=022  \\$a1864-063X
=040  \\$aUk$beng$cUk$dUk
=210  1\$aJ. biophotonics$b(Print)
=222  \0$aJournal of biophotonics$b(Print)
=245  00$aJournal of Biophotonics.
=246  13$aBiophotonics
=260  \\$aGermany :$bWiley-VCH-Verl: Weinheim,$c2008-
=310  \\$a12 issues yearly,$b2009-
=321  \\$a6 issues yearly,$b2008
=336  \\$atext$2rdacontent
=337  \\$aunmediated$2rdamedia
=338  \\$avolume$2rdacarrier
=362  1\$aBegan with Vol. 1, no. 1 (Feb. 2008).
=515  \\$aSome issues published in combined form.
=540  \\$aCurrent Copyright Fee: GBP46.00$c35\0$5Uk
=650  \0$aImaging systems in medicine$vPeriodicals.
=650  \0$aImaging systems in biology$vPeriodicals.
=650  \0$aBiosensors$xOptical properties$vPeriodicals.
=650  \0$aPhotonics$vPeriodicals.
=650  \0$aSpectrum analysis$vPeriodicals.
=776  08$iOnline version:$tJournal of biophotonics$x1864-0648
=856  \\$31850-9999$uhttp://onlinelibrary.wiley.com/$xBLDSS
=945  \\$aJournal of Biophotonics
=979  \\$aBritish Library$bDSC$j4953.910005N
=985  \\$aISSN responsibility transferred to ISSN Netherlands Centre. Change made globally by ISSN International Centre in connection with Elsevier serials - Jan. 2009.
=ACF  \\$aBritish Library not licensed to copy$c0$e01-apr-2012$hC$iCLA Excluded$5Uk
=ACF  \\$aBritish Library not licensed to copy$c0$e01-jan-2012$hC$iCLA Excluded$5Uk
=ACF  \\$aBritish Library not licensed to copy$c0$e01-oct-2011$hC$iCLA Excluded$5Uk
=ACF  \\$aBritish Library not licensed to copy$c0$e01-jul-2011$hC$iCLA Excluded$5Uk
=ACF  \\$aBritish Library not licensed to copy$c0$e01-apr-2011$hC$iCLA Excluded$5Uk
=ACF  \\$aBritish Library not licensed to copy$c0$e01-jan-2011$hC$iCLA Excluded$5Uk
=ACF  \\$aBritish Library not licensed to copy$c0$e01-oct-2010$hC$iCLA Excluded$5Uk
=ACF  \\$aPrevious copyright fee: GBP9.00$c0$e01-apr-2010$fGBP9.00$g0$hA$5Uk
=ACF  \\$aPrevious copyright fee: GBP6.00$c0$e07-aug-2008$fGBP6.00$g0$hA$5Uk
=ACF  \\$aBritish Library not licensed to copy$c0$e01-jul-2012$hC$iCLA Excluded$5Uk
=ACF  \\$aBritish Library not licensed to copy$c0$e01-oct-2012$hC$iCFP Excluded$5Uk
=ACF  \\$aPrevious copyright fee: GBP22.00$c35\0$e01-jan-2013$fGBP22.00$g0$hP$5Uk
=ACF  \\$aPrevious copyright fee: GBP24.00$c35\0$e01-mar-2015$fGBP24.00$g0$hP$5Uk
=CAT  \\$a7100$b40$c20080807$lBLL01$h1446
=CAT  \\$aBATCH-CLA$b00$c20120531$lBLL01$h1718
=CAT  \\$aIPL-CLA$c20120629$lBLL01$h1039
=CAT  \\$aBATCH-CLA$b00$c20120831$lBLL01$h1545
=CAT  \\$aIPL-CLA$c20120930$lBLL01$h2131
=CAT  \\$aBATCH-CLA$b00$c20121109$lBLL01$h1722
=CAT  \\$aWR12_128$c20121113$lBLL01$h1836
=CAT  \\$aBATCH-CLA$b00$c20121130$lBLL01$h1242
=CAT  \\$aWR12_168$c20121206$lBLL01$h1818
=CAT  \\$aIPL-CLA$c20121231$lBLL01$h1326
=CAT  \\$a5552$b40$c20130102$lBLL01$h0937
=CAT  \\$aIPL-CLA$c20130102$lBLL01$h1757
=CAT  \\$a8456$b40$c20140807$lBLL01$h1442
=CAT  \\$aBLDSS-3PM$b00$c20141214$lBLL01$h1525
=CAT  \\$a8874$b40$c20141215$lBLL01$h1006
=CAT  \\$aBATCH-UPD$b40$c20150215$lBLL01$h1701
=CAT  \\$aIPL-CLA$c20150228$lBLL01$h2054
=CAT  \\$aBATCH-UPD$b00$c20160413$lBLL01$h1823
=CAT  \\$aBATCH-UPD$b00$c20180219$lBLL01$h1752
=CAT  \\$aBATCH-UPD$b00$c20180219$lBLL01$h2046
=CAT  \\$aBATCH-UPD$b00$c20181121$lBLL01$h1624
=CAT  \\$aIPL-CLA$c20181231$lBLL01$h1548
=CAT  \\$aR1911-0245$c20191127$lBLL01$h1015
=CAT  \\$aR1911-0245$c20191127$lBLL01$h1031
=CAT  \\$aR1911-0245$c20191127$lBLL01$h1034
=CAT  \\$aIPL-CLA$c20191231$lBLL01$h2006
=CFI  0\$aCurrent Copyright Fee: GBP46.00$c35\0$e01-jan-2020$fGBP46.00$g0$hP$5Uk
=CFI  2\$aPrevious copyright fee: GBP28.00$c35\0$e01-jan-2019$fGBP28.00$g0$hP$5Uk
=FFP  \\$aY$bBLDSS-3PM
=FMT  \\$a  SE
=LAS  \\$aIPL-CLA$b00$c20191231$lBLL01$h2006
=TCO  \\$aDEU$bVG WORT$c008
=TOC  \\$aETOC
=UNO  \\$aY

