=LDR  00876 as a22002777a 4500
=001  014791155
=003  Uk
=005  20171110111431.0
=007  ta
=008  081031c20049999enk\x\m\\\\\\\0\\\a0eng\\
=022  0\$a1759-3204
=040  \\$aUk$beng$cUk$dUk
=222  \0$aBlackwell History of the ancient world
=245  00$aBlackwell History of the ancient world.
=260  \\$aOxford :$bBlackwell
=260  3\$aOxford :$bWiley Blackwell
=336  \\$atext$2rdacontent
=337  \\$aunmediated$2rdamedia
=338  \\$avolume$2rdacarrier
=985  \\$aISSN responsibility transferred to U.S. ISSN Center from ISSN UK Centre, Wiley, Multinational Publisher List, Summer 2017.
=CAT  \\$a6537$b40$c20081031$lBLL01$h1338
=CAT  \\$a11205$b40$c20171110$lBLL01$h1114
=FIN  \\$aY$d20081031
=FMT  \\$a  SE
=LAS  \\$a11205$b40$c20171110$lBLL01$h1114
=TCO  \\$aCLA$bCLA$c008

