=LDR  00995 as a22003137a 4500
=001  014791176
=003  Uk
=005  20180226153059.0
=007  ta
=008  081031c20049999enk\x\m\\\\\\\0\\\a0eng\\
=022  0\$a1759-3220
=040  \\$aUk$beng$cUk
=222  \0$aBible world
=245  00$aBible world.
=246  1\$iMinor title change:$aBibleWorld
=260  \\$aLondon :$bEquinox
=336  \\$atext$2rdacontent
=337  \\$aunmediated$2rdamedia
=338  \\$avolume$2rdacarrier
=776  08$iAlso issued online as:$tBible world$x2577-0764
=985  \\$aISSN responsibility transferred to U.S. Center, 26/02/18 (now T&F)
=985  \\$aLatest volume consulted: "Secularism and Biblical studies" (ISBN 978-1-84553-374-8), published 2010.
=CAT  \\$a6537$b40$c20081031$lBLL01$h1358
=CAT  \\$a10806$b40$c20180226$lBLL01$h1116
=CAT  \\$a10806$b40$c20180226$lBLL01$h1530
=FIN  \\$aY$d20081031
=FMT  \\$a  SE
=LAS  \\$a10806$b40$c20180226$lBLL01$h1530
=TCO  \\$aCLA$bCLA$c008

