=LDR  00833 as a22002777a 4500
=001  014791369
=003  Uk
=005  20180612133254.0
=007  ta
=008  081101c20069999enk\x\m\\\\\\\0\\\a0eng\\
=022  0\$a1759-3964
=040  \\$aUk$beng$cUk
=222  \0$aReligion, politics and society in Britain
=245  00$aReligion, politics and society in Britain.
=260  \\$aHarlow :$bPearson
=336  \\$atext$2rdacontent
=337  \\$aunmediated$2rdamedia
=338  \\$avolume$2rdacarrier
=985  \\$aISSN responsibility transferred to U.S. Center, now Routledge (12/06/18)
=CAT  \\$a6537$b40$c20081101$lBLL01$h0835
=CAT  \\$a10806$b40$c20180612$lBLL01$h0850
=CAT  \\$a10806$b40$c20180612$lBLL01$h1332
=FIN  \\$aY$d20081101
=FMT  \\$a  SE
=LAS  \\$a10806$b40$c20180612$lBLL01$h1332
=TCO  \\$aCLA$bCLA$c008

