=LDR  00896 as a22002897a 4500
=001  014792627
=003  Uk
=005  20171110105828.0
=007  ta
=008  081103c199u9999enk\x\m\\\\\\\0\\\a0eng\\
=022  0\$a1759-4456
=040  \\$aUk$beng$cUk
=222  \0$aBlackwell annotated anthologies
=245  00$aBlackwell annotated anthologies.
=246  30$aAnnotated anthologies
=260  \\$aOxford :$bBlackwell
=260  3\$aOxford :$bWiley-Blackwell
=336  \\$atext$2rdacontent
=337  \\$aunmediated$2rdamedia
=338  \\$avolume$2rdacarrier
=985  \\$aISSN responsibility transferred to U.S. ISSN Center from ISSN UK Centre, Wiley, Multinational Publisher List, Summer 2017.
=CAT  \\$a6537$b40$c20081103$lBLL01$h1441
=CAT  \\$a11205$b40$c20171110$lBLL01$h1058
=FIN  \\$aY$d20081103
=FMT  \\$a  SE
=LAS  \\$a11205$b40$c20171110$lBLL01$h1058
=TCO  \\$aCLA$bCLA$c008

