=LDR  00998 as a22002778a 4500
=001  014910924
=003  Uk
=005  20090219092925.0
=007  ta
=008  090219c20079999enkmr\p\\\\\\\0\\\a0eng\\
=022  0\$a1995-2902$202
=040  \\$aUk$beng$cUk
=222  \0$aEuropean journal of science and technology
=245  00$aEuropean journal of science and technology.
=246  3\$aOumeng kexue jishu
=260  \\$aLondon :$bSummit Science Press
=263  \\$a200707
=310  \\$aMonthly
=336  \\$atext$2rdacontent
=337  \\$aunmediated$2rdamedia
=338  \\$avolume$2rdacarrier
=985  \\$aISSN responsibility transferred from ISSN International Centre. Application made for Hong Kong publisher: Gaofeng keji chuban youxian gongsi (Summit Science Publishing Co. Limited). Surrogate of first issue gives place of publication as London. Awaiting issues.
=CAT  \\$a11316$b40$c20090219$lBLL01$h0929
=FMT  \\$a  SE
=LAS  \\$a11316$b40$c20090219$lBLL01$h0929
=TCO  \\$aCLA$bCLA$c008

