=LDR  02160cas a22005058a 4500
=001  015296125
=003  Uk
=005  20230210010821.0
=007  ta
=008  090623c20099999enkar\\\\\\\\\1\\\a0eng\\
=022  0\$a2041-4676
=040  \\$aUk$beng$cUk
=222  \4$aThe Cochrane Library - abstracts from the ... Cochrane Colloquium
=245  04$aThe Cochrane Library - abstracts from the ... Cochrane Colloquium.
=246  3\$aAbstracts from the ... Cochrane Colloquium
=260  \\$aOxford :$bWiley-Blackwell
=263  \\$a200910
=310  \\$aAnnual
=336  \\$atext$2rdacontent
=337  \\$aunmediated$2rdamedia
=338  \\$avolume$2rdacarrier
=540  \\$aCurrent Copyright Fee: GBP28.00$c0$5Uk
=985  \\$aPublisher says this has a supplement, Cochrane methods (015558814 print version, ). Please add 77X and LKR fields as required (when completing ISSN record. ISSN UK Centre, 19/05/10.
=985  \\$aISSN responsibility transferred to US ISSN Center from ISSN UK Centre, Wiley, Multinational Publisher List, Summer 2017.
=ACF  \\$aPrevious Copyright Fee: GBP24.00$c0$e01-jul-2018$fGBP24.00$g0$hC$5Uk
=ACF  \\$aPrevious Copyright Fee: GBP28.00$c0$e01-apr-2019$fGBP28.00$g0$hC$5Uk
=CAT  \\$a10806$b40$c20090623$lBLL01$h1358
=CAT  \\$a10806$b40$c20090623$lBLL01$h1403
=CAT  \\$a5997$b40$c20120206$lBLL01$h1503
=CAT  \\$a11313$b40$c20170908$lBLL01$h0908
=CAT  \\$a11313$b40$c20180208$lBLL01$h1044
=CAT  \\$a11313$b40$c20180208$lBLL01$h1045
=CAT  \\$aBATCH-CLA$b00$c20180531$lBLL01$h1638
=CAT  \\$aIPL-CLA$c20180630$lBLL01$h1928
=CAT  \\$aBATCH-CLA$b00$c20190228$lBLL01$h1622
=CAT  \\$aIPL-CLA$c20190331$lBLL01$h1729
=CAT  \\$aBATCH-CLA$b00$c20221130$lBLL01$h1438
=CAT  \\$aIPL-CLA$c20221231$lBLL01$h2242
=CAT  \\$aBATCH-CLA$b00$c20230209$lBLL01$h1525
=CAT  \\$aIPL-CLA$c20230210$lBLL01$h0108
=CFI  0\$aCurrent Copyright Fee: GBP28.00$c0$e09-feb-2023$fGBP28.00$g0$hC$5Uk
=CFI  2\$aBritish Library not licensed to copy$c0$e01-jan-2023$hC$iCFP Excluded$5Uk
=FMT  \\$a  SE
=LAS  \\$aIPL-CLA$b00$c20230210$lBLL01$h0108
=TCO  \\$aCLA$bCLA$c008

