=LDR  02017 as a22005418a 4500
=001  015336092
=003  Uk
=005  20180822082209.0
=006  m\\\\\\\\d\|\\\\\\
=007  cr||||||||||||
=008  090728c20109999enkfr\p\s\\\\\0\\\a0eng\\
=022  0\$a2041-7136
=040  \\$aUk$beng$cUk
=222  \0$aPastoralism$b(Online)
=245  00$aPastoralism$h[electronic resource] :$bresearch, policy and practice.
=260  \\$aHeidelberg :$bSpringerOpen
=310  \\$aSemiannual
=336  \\$atext$2rdacontent
=337  \\$acomputer$2rdamedia
=338  \\$aonline resource$2rdacarrier
=540  \\$aCurrent copyright fee: zero$c22\1$5Uk
=856  \\$31850-9999$uhttp://www.springer.com/gb/$xBLDSS
=945  \\$aPastoralism.
=979  \\$aBritish Library$bDSC$j6409.419000N
=985  \\$aISSN responsibility transferred to ISSN Germany 28/8/2013. ISSN Germany will complete the ISSN record. http://www.pastoralismjournal.com/ Originally assigned at request of Practical Action in Rugby,
=CAT  \\$a11316$b40$c20090728$lBLL01$h1204
=CAT  \\$a10806$b40$c20110331$lBLL01$h1032
=CAT  \\$a10806$b40$c20110401$lBLL01$h1526
=CAT  \\$a5552$b40$c20130705$lBLL01$h1421
=CAT  \\$a11316$b40$c20130819$lBLL01$h1609
=CAT  \\$a11316$b40$c20130828$lBLL01$h1706
=CAT  \\$aBLDSS-3PM$b00$c20150103$lBLL01$h1047
=CAT  \\$aBATCH-UPD$b00$c20160413$lBLL01$h1823
=CAT  \\$aBATCH-UPD$b00$c20160524$lBLL01$h2213
=CAT  \\$aBATCH-UPD$b00$c20160525$lBLL01$h0042
=CAT  \\$a5552$b40$c20170315$lBLL01$h0912
=CAT  \\$a5552$b40$c20180416$lBLL01$h1133
=CAT  \\$a5552$b40$c20180822$lBLL01$h0822
=CFI  0\$aCurrent copyright fee: zero$c22\1$e22-aug-2018$fGBP0.00$g0$hP$5Uk
=CFI  2\$aPrevious copyright fee: zero$c22\3$e05-jul-2013$fGBP0.00$g0$hP$5Uk
=FFP  \\$aY$bBLDSS-3PM
=FMT  \\$a  SE
=LAS  \\$a5552$b40$c20180822$lBLL01$h0822
=LET  \0$aPastoralism (Online)
=MNI  \\$a2041-7128
=TCO  \\$aCLA$bCLA$c008
=TOC  \\$aETOC
=UNO  \\$aY

