=LDR  01383 as a22004217a 4500
=001  015396201
=003  Uk
=005  20201111131204.0
=006  m\\\\\\\\d\|\\\\\\
=007  cr||||||||||||
=008  091020c20099999enk\x\w\s\\\\\0\\\a0eng\\
=022  0\$a2042-2997
=040  \\$aUk$beng$cUk
=210  0\$aBJU int.$b(Website)
=222  \0$aBJU international$b(Website)
=245  00$aBJU international$h[electronic resource] :$bBJUI
=246  3\$aBritish journal of urology international (Website)
=246  1\$iAlso known as:$awww.bjui.org
=246  10$aBJUI
=246  13$aBJUI.org
=246  13$aBJUI web site
=260  \\$aChichester :$bWiley
=336  \\$atext$2rdacontent
=337  \\$acomputer$2rdamedia
=338  \\$aonline resource$2rdacarrier
=787  0\$tBJU international$c(Print)$x1464-4096
=787  0\$tBJU international$c(Online)$x1464-410X
=787  0\$tBJUI compass$x2688-4526
=856  40$uhttp://www.bjui.org/
=985  \\$aISSN responsibility transferred to US ISSN Center from ISSN UK Centre, Wiley Multinational Publisher List, Summer 2017.
=CAT  \\$a11316$b40$c20091020$lBLL01$h1140
=CAT  \\$a11316$b40$c20091020$lBLL01$h1212
=CAT  \\$a11313$b40$c20170918$lBLL01$h1014
=CAT  \\$a8483$b40$c20201111$lBLL01$h1312
=FIN  \\$aY$d20091020
=FMT  \\$a  SE
=LAS  \\$a8483$b40$c20201111$lBLL01$h1312
=TCO  \\$aCLA$bCLA$c008

