=LDR  00912 as a22003017i 4500
=001  015406747
=003  Uk
=005  20151030112318.0
=007  ta
=008  091102c20109999nr\qr\p\\\\\\\0\\\a0eng\\
=022  0\$a2042-4744
=040  \\$aUk$beng$cUk$erda
=222  \0$aVibez magazine
=245  00$aVibez magazine.
=264  \1$aIkeja, Lagos :$bLanky's Inc (Publishing and Printing)
=310  \\$aQuarterly
=336  \\$atext$2rdacontent
=337  \\$aunmediated$2rdamedia
=338  \\$avolume$2rdacarrier
=588  \\$aISSN description based on: (December 31-March 30, 2010).
=985  \\$aISSN responsibility transferred to ISSN Nigeria (via IC) 30.10.15.
=CAT  \\$a10806$b40$c20091102$lBLL01$h1338
=CAT  \\$a10973$b40$c20151014$lBLL01$h1049
=CAT  \\$a5508$b40$c20151030$lBLL01$h1123
=FIN  \\$aY$d20151014
=FMT  \\$a  SE
=LAS  \\$a5508$b40$c20151030$lBLL01$h1123
=TCO  \\$aCLA$bCLA$c008

