=LDR  01571 as a22003737a 4500
=001  015422881
=003  Uk
=005  20171003085432.0
=007  ta
=008  091118c201u9999enk\x\m\\\\\\\0\\\a0eng\\
=022  0\$a2042-5643
=040  \\$aUk$beng$cUk$dUk
=222  \0$aPatai's chemistry of functional groups$b(Print)
=245  00$aPatai's chemistry of functional groups.
=246  30$aChemistry of functional groups
=260  \\$aChichester :$bJohn Wiley & Sons Ltd
=310  \\$aIrregular
=336  \\$atext$2rdacontent
=337  \\$aunmediated$2rdamedia
=338  \\$avolume$2rdacarrier
=588  \\$aDescription based on: volume entitled: the chemistry of organoiron compounds, published 2014.
=776  08$iAlso issued online as:$tPatai's chemistry of functional groups$x2042-5651
=985  \\$aISSN UK Centre note: monographic series. Items have individual titles and are catalogued as monographs. Do not add items to this record. Do not delete or merge this record. THIS RECORD IS FOR ISSN PURPOSES ONLY.
=985  \\$aISSN responsibility transferred to U.S. ISSN Center from ISSN UK Centre, Wiley, Multinational Publisher List, Summer 2017.
=CAT  \\$a11316$b40$c20091118$lBLL01$h1139
=CAT  \\$a11205$b40$c20170825$lBLL01$h1207
=CAT  \\$a11313$b40$c20170925$lBLL01$h1022
=CAT  \\$a11313$b40$c20170925$lBLL01$h1023
=CAT  \\$a11313$b40$c20171003$lBLL01$h0854
=FIN  \\$aY$d20170825
=FMT  \\$a  SE
=LAS  \\$a11313$b40$c20171003$lBLL01$h0854
=LET  \0$aPatai's chemistry of functional groups (Print)
=TCO  \\$aCLA$bCLA$c008

