=LDR  01764 as a22004097a 4500
=001  015422882
=003  Uk
=005  20171003092230.0
=006  m\\\\\\\\d\|\\\\\\
=007  cr||||||||||||
=008  091118c201u9999enk\x\m\s\\\\\0\\\a0eng\\
=022  0\$a2042-5651
=040  \\$aUk$beng$cUk$dUk
=222  \0$aPatai's chemistry of functional groups$b(Online)
=245  00$aPatai's chemistry of functional groups$h[electronic resource].
=246  30$aChemistry of functional groups
=260  \\$a[Chichester] :$bJohn Wiley & Sons, Inc
=310  \\$aIrregular
=336  \\$atext$2rdacontent
=337  \\$acomputer$2rdamedia
=338  \\$aonline resource$2rdacarrier
=588  \\$aISSN title from series homepage (Wiley Online Library, viewed August 25, 2017).
=776  08$iAlso issued in print as:$tPatai's chemistry of functional groups$x2042-5643
=856  40$uhttp://onlinelibrary.wiley.com/book/10.1002/9780470682531
=985  \\$aISSN UK Centre note: monographic series. Items have individual titles and are catalogued as monographs. Do not add items to this record. Do not delete or merge this record. THIS RECORD IS FOR ISSN PURPOSES ONLY.
=985  \\$aISSN responsibility transferred to U.S. ISSN Center from ISSN UK Centre, Wiley, Multinational Publisher List, Summer 2017.
=CAT  \\$a11316$b40$c20091118$lBLL01$h1139
=CAT  \\$a11205$b40$c20170825$lBLL01$h1207
=CAT  \\$a11313$b40$c20170925$lBLL01$h1021
=CAT  \\$a11313$b40$c20170925$lBLL01$h1022
=CAT  \\$a11205$b40$c20170928$lBLL01$h1119
=CAT  \\$a11313$b40$c20171003$lBLL01$h0922
=FIN  \\$aY$d20170825
=FMT  \\$a  SE
=LAS  \\$a11313$b40$c20171003$lBLL01$h0922
=LET  \0$aPatai's chemistry of functional groups (Electronic)
=TCO  \\$aCLA$bCLA$c008

