=LDR  02037cas a22004937a 4500
=001  015558814
=003  Uk
=005  20230210010906.0
=007  ta
=008  100520c20109999enkar\p\\\\\\\0\\\a0eng\\
=022  0\$a2044-4702
=040  \\$aUk$beng$cUk
=222  \0$aCochrane methods$b(Print)
=245  00$aCochrane methods
=260  \\$aOxford :$bWiley/Blackwell
=310  \\$aAnnual
=336  \\$atext$2rdacontent
=337  \\$aunmediated$2rdamedia
=338  \\$avolume$2rdacarrier
=540  \\$aCurrent Copyright Fee: GBP28.00$c0$5Uk
=776  0\$tCochrane methods$c(Online)$x2044-4710
=985  \\$aPublisher says this is a supplement to Cochrane library (print version, 015296125). Please add 77X and LKR fields as required. ISSN UK Centre, 19/05/10.
=985  \\$aISSN descripion based on p/c of title page (Sept 2011 issue, copy received 10/1/11).
=985  \\$aISSN responsibility transferred to U.S. ISSN Center from ISSN UK Centre, Wiley, Multinational Publisher List, Summer 2017
=ACF  \\$aPrevious Copyright Fee: GBP24.00$c0$e01-jan-2017$fGBP24.00$g0$hC$5Uk
=ACF  \\$aPrevious Copyright Fee: GBP28.00$c0$e01-apr-2019$fGBP28.00$g0$hC$5Uk
=CAT  \\$a11315$b40$c20100520$lBLL01$h0953
=CAT  \\$a5997$b40$c20120206$lBLL01$h1504
=CAT  \\$aBATCH-CLA$b00$c20161130$lBLL01$h1637
=CAT  \\$aIPL-CLA$c20161230$lBLL01$h2343
=CAT  \\$a10806$b40$c20170720$lBLL01$h1604
=CAT  \\$aBATCH-CLA$b00$c20190228$lBLL01$h1622
=CAT  \\$aIPL-CLA$c20190331$lBLL01$h1730
=CAT  \\$aBATCH-CLA$b00$c20221130$lBLL01$h1430
=CAT  \\$aIPL-CLA$c20221231$lBLL01$h2253
=CAT  \\$aBATCH-CLA$b00$c20230209$lBLL01$h1518
=CAT  \\$aIPL-CLA$c20230210$lBLL01$h0109
=CFI  0\$aCurrent Copyright Fee: GBP28.00$c0$e09-feb-2023$fGBP28.00$g0$hC$5Uk
=CFI  2\$aBritish Library not licensed to copy$c0$e01-jan-2023$hC$iCFP Excluded$5Uk
=FIN  \\$aY$d20120206
=FMT  \\$a  SE
=LAS  \\$aIPL-CLA$b00$c20230210$lBLL01$h0109
=LET  \0$aCochrane methods (Print)
=TCO  \\$aCLA$bCLA$c008

