=LDR  01324 as a22003617a 4500
=001  015558817
=003  Uk
=005  20170720160418.0
=006  m\\\\\\\\d\|\\\\\\
=007  cr||||||||||||
=008  100520c20109999enkmr\p\s\\\\\0\\\a0eng\\
=022  0\$a2044-4710
=040  \\$aUk$beng$cUk
=222  \0$aCochrane methods$b(Online)
=245  00$aCochrane methods$h[electronic resource].
=260  \\$aOxford :$bWiley/Blackwell
=310  \\$aAnnual
=336  \\$atext$2rdacontent
=337  \\$acomputer$2rdamedia
=338  \\$aonline resource$2rdacarrier
=772  0\$tCochrane library$x1465-1858
=776  0\$tCochrane methods$x2044-4702
=856  4\$uhttp://www.thecochranelibrary.com/view/0/CochraneMethods.html
=985  \\$aPublisher says this is a supplement to Cochrane library (online version, 007197729). Please add 77X and LKR fields as required. ISSN UK Centre, 19/05/10.
=985  \\$aISSN responsibility transferred to U.S. ISSN Center from ISSN UK Centre, Wiley, Multinational Publisher List, Summer 2017
=CAT  \\$a11315$b40$c20100520$lBLL01$h0955
=CAT  \\$a5997$b40$c20120206$lBLL01$h1507
=CAT  \\$a10806$b40$c20170720$lBLL01$h1604
=FIN  \\$aY$d20120206
=FMT  \\$a  SE
=LAS  \\$a10806$b40$c20170720$lBLL01$h1604
=LET  \0$aCochrane methods (Online)
=TCO  \\$aCLA$bCLA$c008

