=LDR  02147 as a22005057a 4500
=001  015621070
=003  Uk
=005  20150119085855.0
=006  m\\\\\\\\d\|\\\\\\
=007  cr||||||||||||
=008  100805c20069999xxumx\p\o\\\\\0\\\a0eng\\
=022  0\$a1796-203X
=040  \\$aUk$beng$cUk$erda
=222  \0$aJournal of computers
=245  00$aJournal of computers.
=246  13$aJCP
=260  \\$aOulu :$bAcademy Publisher,$c2006-
=264  21$3March 2013-$a[Tortola, British Virgin Islands] :$bAcademy Publisher
=264  31$32015-$a[San Berardino, CA :$bInternational Academy Publishing]
=310  \\$aTwelve issues yearly
=336  \\$atext$2rdacontent
=337  \\$acomputer$2rdamedia
=338  \\$aonline resource$2rdacarrier
=500  \\$aRoute ALL FAILED DSC requests to Records Team
=856  40$uhttp://academypublisher.com/jcp/
=945  \\$aJournal of Computers -Academy Publisher-
=979  \\$aBritish Library$bDSC$j4963.757000N
=985  \\$aISSN description based on: Vol 1, no 1 (2006); title from issue table of contents (publisher's Web site viewed March 12, 2013). Latest issue consulted: Vol 8, no 3 (2013) Special Issue: Parallel Computing (viewed March 12, 2013).
=985  \\$aISSN RDA COMPLETION - TO BE CATALOGUED BY RDA TRAINED CATALOGUERS.
=985  \\$aISSN responsibility transferred from ISSN Finland - 4/3/2013. Publisher details based on ISSN Portal record created by ISSN Finland.
=985  \\$aISSN responsibility transferred to US ISSN Center, January 19 2015.
=CAT  \\$a11450$b40$c20100805$lBLL01$h1457
=CAT  \\$a11316$b40$c20130312$lBLL01$h0959
=CAT  \\$a11316$b40$c20130312$lBLL01$h1055
=CAT  \\$a11316$b40$c20130312$lBLL01$h1120
=CAT  \\$a11316$b40$c20130312$lBLL01$h1143
=CAT  \\$a11316$b40$c20130312$lBLL01$h1415
=CAT  \\$a11313$b40$c20150119$lBLL01$h0858
=CAT  \\$aW1711-1225$c20171203$lBLL01$h1039
=FIN  \\$aY$d20130312
=FMT  \\$a  SE
=LAS  \\$aW1711-1225$b00$c20171203$lBLL01$h1039
=LET  \0$aJournal of computers (Electronic)
=STA  \\$aSUPPRESSED$bunable to determine reason for suppression
=TCO  \\$aCLA$bCLA$c008

