=LDR  01218 as a22003497a 4500
=001  015671417
=003  Uk
=005  20160608141856.0
=006  m\\\\\\\\d\|\\\\\\
=007  cr||||||||||||
=008  101015c20059999cj\mr\p\s\\\\\0\\\a0eng\\
=022  0\$a2045-5992
=040  \\$aUk$beng$cUk
=222  \0$aGlobal sources. Fashion accessories$b(Online)
=245  00$aGlobal sources.$pFashion accessories$h[electronic resource].
=246  30$aFashion accessories
=260  \\$aGrand Cayman :$bTrade Media
=310  \\$aMonthly
=336  \\$atext$2rdacontent
=337  \\$acomputer$2rdamedia
=338  \\$aonline resource$2rdacarrier
=776  0\$tGlobal sources. Fashion accessories$x1747-6682
=856  40$uhttp://www.fashion.globalsources.com/
=985  \\$aISSN description based on: Vol. 6, no. 6 (Nov. 2010).
=985  \\$aISSN responsibility transferred to ISSN Singapore, now published by Media Data Systems Pte Ltd in Singapore (info via IC) (08/06/16)
=CAT  \\$a11316$b40$c20101015$lBLL01$h0858
=CAT  \\$a11316$b40$c20101015$lBLL01$h0905
=CAT  \\$a10806$b40$c20160608$lBLL01$h1418
=FIN  \\$aY$d20101015
=FMT  \\$a  SE
=LAS  \\$a10806$b40$c20160608$lBLL01$h1418
=TCO  \\$aXXX$c008

