=LDR  01353 as a22003497a 4500
=001  015671572
=003  Uk
=005  20160608142554.0
=006  m\\\\\\\\d\|\\\\\\
=007  cr||||||||||||
=008  101015c20109999cj\mr\p\s\\\\\0\\\a0eng\\
=022  0\$a2219-4185
=040  \\$aUk$beng$cUk
=222  \0$aGlobal sources. Solar & energy saving products$b(Online)
=245  00$aGlobal sources.$pSolar & energy saving products$h[electronic resource].
=246  3\$aGlobal sources.$pSolar and energy saving products
=260  \\$aGrand Cayman :$bTrade Media
=310  \\$aMonthly
=336  \\$atext$2rdacontent
=337  \\$acomputer$2rdamedia
=338  \\$aonline resource$2rdacarrier
=776  0\$tGlobal sources. Solar & energy saving products$x2219-4940
=856  40$uhttp://www.globalsources.com$zTo subscribe
=985  \\$aISSN description based on: Vol. 1, no. 1 (Oct. 2010); title from issue cover (Publisher's website, viewed Oct. 15, 2010)
=985  \\$aISSN responsibility transferred to ISSN Singapore, now published by Media Data Systems Pte Ltd in Singapore (info via IC) (08/06/16)
=CAT  \\$a11316$b40$c20101015$lBLL01$h1150
=CAT  \\$a11316$b40$c20101109$lBLL01$h1105
=CAT  \\$a10806$b40$c20160608$lBLL01$h1425
=FIN  \\$aY$d20101015
=FMT  \\$a  SE
=LAS  \\$a10806$b40$c20160608$lBLL01$h1425
=TCO  \\$aXXX$c008

