=LDR  01274 as a22003497a 4500
=001  015671601
=003  Uk
=005  20160608133659.0
=006  m\\\\\\\\d\|\\\\\\
=007  cr||||||||||||
=008  101015c20069999cj\mr\p\s\\\\\0\\\a0eng\\
=022  0\$a2045-600X
=040  \\$aUk$beng$cUk
=082  04$a338.47621381$222
=222  \0$aGlobal sources. Electronic components$b(Online)
=245  00$aGlobal sources.$pElectronic components$h[electronic resource].
=260  \\$a[Grand Cayman :$bTrade Media]
=310  \\$aMonthly
=336  \\$atext$2rdacontent
=337  \\$acomputer$2rdamedia
=338  \\$aonline resource$2rdacarrier
=776  0\$tGlobal sources. Electronic components
=856  40$uhttp://www.globalsources.com$zTo subscribe
=985  \\$aISSN description based on: Oct. 2010 issue; title from issue cover (Publisher's website, viewed Oct. 15, 2010)
=985  \\$aISSN responsibility transferred to ISSN Singapore, now published by Media Data Systems Pte Ltd in Singapore (info via IC) (08/06/16)
=CAT  \\$a11316$b40$c20101015$lBLL01$h1211
=CAT  \\$a11316$b40$c20101015$lBLL01$h1216
=CAT  \\$a10806$b40$c20160608$lBLL01$h1336
=FIN  \\$aY$d20101015
=FMT  \\$a  SE
=LAS  \\$a10806$b40$c20160608$lBLL01$h1336
=TCO  \\$aXXX$c008

