=LDR  01377 as a22003737a 4500
=001  015671735
=003  Uk
=005  20160608142317.0
=006  m\\\\\\\\d\|\\\\\\
=007  cr||||||||||||
=008  101015c200u9999cj\mr\p\s\\\\\0\\\a0eng\\
=022  0\$a2045-6026
=040  \\$aUk$beng$cUk
=222  \0$aGlobal sources. Hardware & DIY$b(Online)
=245  00$aGlobal sources.$pHardware & DIY$h[electronic resource].
=246  3\$aGlobal sources hardware and DIY
=246  3\$aGlobal sources hardware and do it yourself
=246  30$aHardware & DIY
=260  \\$aGrand Cayman :$bTrade Media
=310  \\$aMonthly
=336  \\$atext$2rdacontent
=337  \\$acomputer$2rdamedia
=338  \\$aonline resource$2rdacarrier
=776  0\$tGlobal sources. Hardware & DIY$x1748-2771
=856  40$uhttp://www.globalsources.com$zTo subscribe
=985  \\$aISSN description based on: Vol. 5, no. 7 (Apr. 2010); title from issue cover (Publisher's website, viewed Oct. 15, 2010)
=985  \\$aISSN responsibility transferred to ISSN Singapore, now published by Media Data Systems Pte Ltd in Singapore (info via IC) (08/06/16)
=CAT  \\$a11316$b40$c20101015$lBLL01$h1450
=CAT  \\$a11316$b40$c20101018$lBLL01$h1102
=CAT  \\$a10806$b40$c20160608$lBLL01$h1423
=FIN  \\$aY$d20101015
=FMT  \\$a  SE
=LAS  \\$a10806$b40$c20160608$lBLL01$h1423
=TCO  \\$aXXX$c008

