=LDR  01370 as a22003617a 4500
=001  015672341
=003  Uk
=005  20160608133519.0
=006  m\\\\\\\\d\|\\\\\\
=007  cr||||||||||||
=008  101018c20029999cj\mr\p\s\\\\\0\\\a0eng\\
=022  0\$a2045-6034
=040  \\$aUk$beng$cUk
=222  \0$aGlobal sources. Auto parts & accessories$b(Online)
=245  00$aGlobal sources.$pAuto parts & accessories$h[electronic resource].
=246  3\$aGlobal sources.$pAuto parts and accessories
=246  30$aAuto parts & accessories
=260  \\$aGrand Cayman :$bTrade Media
=310  \\$aMonthly
=336  \\$atext$2rdacontent
=337  \\$acomputer$2rdamedia
=338  \\$aonline resource$2rdacarrier
=776  0\$tGlobal sources. Auto parts & accessories$x1741-556X
=856  40$uhttp://www.globalsources.com$zTo subscribe
=985  \\$aISSN description based on: Vol. 6, no. 1 (Oct. 2010); title from issue cover (Publisher's website, viewed Oct. 18, 2010)
=985  \\$aISSN responsibility transferred to ISSN Singapore, now published by Media Data Systems Pte Ltd in Singapore (info via IC) (08/06/16)
=CAT  \\$a11316$b40$c20101018$lBLL01$h1107
=CAT  \\$a11316$b40$c20101018$lBLL01$h1206
=CAT  \\$a10806$b40$c20160608$lBLL01$h1335
=FIN  \\$aY$d20101018
=FMT  \\$a  SE
=LAS  \\$a10806$b40$c20160608$lBLL01$h1335
=TCO  \\$aXXX$c008

