=LDR  01271 as a22003617a 4500
=001  015677987
=003  Uk
=005  20160608141739.0
=006  m\\\\\\\\d\|\\\\\\
=007  cr||||||||||||
=008  101026c20069999enkmr\p\s\\\\\0\\\a0eng\\
=022  0\$a2045-6190
=040  \\$aUk$beng$cUk
=082  04$a621.3810284$222
=222  \0$aGlobal sources. Electronics$b(Online)
=245  00$aGlobal sources.$pElectronics$h[electronic resource].
=246  30$aElectronics
=260  \\$aGrand Cayman :$bTrade Media
=310  \\$aMonthly
=336  \\$atext$2rdacontent
=337  \\$acomputer$2rdamedia
=338  \\$aonline resource$2rdacarrier
=776  0\$tGlobal sources. Electronics$x1751-9284
=856  40$uhttp://www.globalsources.com
=985  \\$aISSN description based on: Apr. 2010 issue; title from issue cover (Publisher's website, viewed Oct. 26, 2010)
=985  \\$aISSN responsibility transferred to ISSN Singapore, now published by Media Data Systems Pte Ltd in Singapore (info via IC) (08/06/16)
=CAT  \\$a11316$b40$c20101026$lBLL01$h1404
=CAT  \\$a11316$b40$c20101026$lBLL01$h1416
=CAT  \\$a10806$b40$c20160608$lBLL01$h1417
=FIN  \\$aY$d20101026
=FMT  \\$a  SE
=LAS  \\$a10806$b40$c20160608$lBLL01$h1417
=TCO  \\$aCLA$bCLA$c008

