=LDR  01218 as a22003377a 4500
=001  015678052
=003  Uk
=005  20160608141056.0
=006  m\\\\\\\\d\|\\\\\\
=007  cr||||||||||||
=008  101026c20049999cj\mr\p\s\\\\\0\\\a0eng\\
=022  0\$a2045-6212
=040  \\$aUk$beng$cUk
=222  \0$aGlobal sources. Security products$b(Online)
=245  00$aGlobal sources. Security products$h[electronic resource].
=246  30$aSecurity products
=260  \\$aGrand Cayman :$bTrade Media
=310  \\$aMonthly
=336  \\$atext$2rdacontent
=337  \\$acomputer$2rdamedia
=338  \\$aonline resource$2rdacarrier
=776  0\$tGlobal sources. Security products$x1743-3185
=856  40$uhttp://www.globalsources.com
=985  \\$aISSN description based on: Vol. 4, no. 1 (Apr. 2010); title from issue cover (Publisher's website, viewed Oct. 26, 2010)
=985  \\$aISSN responsibility transferred to ISSN Singapore, now published by Media Data Systems Pte Ltd in Singapore (info via IC) (08/06/16)
=CAT  \\$a11316$b40$c20101026$lBLL01$h1441
=CAT  \\$a10806$b40$c20160608$lBLL01$h1410
=FIN  \\$aY$d20101026
=FMT  \\$a  SE
=LAS  \\$a10806$b40$c20160608$lBLL01$h1410
=TCO  \\$aXXX$c008

