=LDR  01247 as a22003737a 4500
=001  015684002
=003  Uk
=005  20160608141450.0
=006  m\\\\\\\\d\|\\\\\\
=007  co||||||||||||
=008  101101c200u9999cj\mr\p\s\\\\\0\\\a0eng\\
=022  0\$a2045-6913
=040  \\$aUk$beng$cUk
=222  \0$aGlobal sources. e-Magazines$b(CD-ROM)
=245  00$aGlobal sources.$pe-Magazines$h[electronic resource].
=246  3\$aGlobal sources. e Magazines
=246  30$ae-Magazines
=260  \\$a[Grand Cayman :$bTrade Media]
=310  \\$aMonthly
=336  \\$atext$2rdacontent
=337  \\$acomputer$2rdamedia
=338  \\$acomputer disc$2rdacarrier
=985  \\$aISSN responsibility transferred to ISSN Singapore, now published by Media Data Systems Pte Ltd in Singapore (info via IC) (08/06/16)
=CAT  \\$a11316$b40$c20101101$lBLL01$h1448
=CAT  \\$a11316$b40$c20101109$lBLL01$h0914
=CAT  \\$a11316$b40$c20101109$lBLL01$h1002
=CAT  \\$a11316$b40$c20101109$lBLL01$h1004
=CAT  \\$a11316$b40$c20101109$lBLL01$h1054
=CAT  \\$a11313$b40$c20101213$lBLL01$h1430
=CAT  \\$a10806$b40$c20160608$lBLL01$h1414
=FIN  \\$aY$d20101101
=FMT  \\$a  SE
=LAS  \\$a10806$b40$c20160608$lBLL01$h1414
=TCO  \\$aXXX$c008

