=LDR  01066 as a22003377a 4500
=001  015687611
=003  Uk
=005  20160608134347.0
=007  ta
=008  101104c20079999cj\mr\p\\\\\\\0\\\a0eng\\
=022  0\$a1993-0712
=040  \\$aUk$beng$cUk
=210  0\$aGifts prem.
=222  \0$aGifts & premiums
=245  00$aGifts & premiums.
=246  3\$aGifts and premiums
=246  13$aGlobal sources.$pGifts & premiums
=260  \\$aGrand Cayman :$bTrade Media
=310  \\$aMonthly
=336  \\$atext$2rdacontent
=337  \\$aunmediated$2rdamedia
=338  \\$avolume$2rdacarrier
=985  \\$aISSN responsibility transferred from ISSN International Centre.
=985  \\$aISSN responsibility transferred to ISSN Singapore, now published by Media Data Systems Pte Ltd in Singapore (info via IC) (08/06/16)
=CAT  \\$a11316$b40$c20101104$lBLL01$h1414
=CAT  \\$a11316$b40$c20101109$lBLL01$h0803
=CAT  \\$a10806$b40$c20160608$lBLL01$h1343
=FIN  \\$aY$d20101104
=FMT  \\$a  SE
=LAS  \\$a10806$b40$c20160608$lBLL01$h1343
=TCO  \\$aXXX$c008

