=LDR  01086 as a22003377a 4500
=001  015689276
=003  Uk
=005  20160608135331.0
=007  ta
=008  101109c20079999cj\mr\p\\\\\\\0\\\a0eng\\
=022  0\$a1993-0704
=040  \\$aUk$beng$cUk
=210  0\$aHome prod.
=222  \0$aHome products
=245  00$aHome products.
=246  13$aGlobal sources home products
=260  \\$aGrand Cayman :$bTrade Media
=310  \\$aMonthly
=336  \\$atext$2rdacontent
=337  \\$aunmediated$2rdamedia
=338  \\$avolume$2rdacarrier
=776  0\$tGlobal sources. Home products$c(Online)$x2046-1909
=985  \\$aISSN responsibility transferred from ISSN International Centre.
=985  \\$aISSN responsibility transferred to ISSN Singapore, now published by Media Data Systems Pte Ltd in Singapore (info via IC) (08/06/16)
=CAT  \\$a11316$b40$c20101109$lBLL01$h0807
=CAT  \\$a11316$b40$c20110104$lBLL01$h1227
=CAT  \\$a10806$b40$c20160608$lBLL01$h1353
=FIN  \\$aY$d20101109
=FMT  \\$a  SE
=LAS  \\$a10806$b40$c20160608$lBLL01$h1353
=TCO  \\$aXXX$c008

