=LDR  01021 as a22003138a 4500
=001  015689293
=003  Uk
=005  20101109085611.0
=007  ta
=008  101109c20109999cj\mr\p\\\\\\\0\\\a0eng\\
=022  0\$a2219-2719$202
=040  \\$aUk$beng$cUk
=222  \0$aGlobal sources. In-car electronics & GPS$b(Print)
=245  00$aGlobal sources.$pIn-car electronics & GPS (Print).
=246  3\$aGlobal sources.$pIn-car electronics and global positioning system
=246  30$aIn-car electronics & GPS
=260  \\$aGrand Cayman :$bTrade Media
=263  \\$a201011
=310  \\$aMonthly
=336  \\$atext$2rdacontent
=337  \\$aunmediated$2rdamedia
=338  \\$avolume$2rdacarrier
=776  0\$tGlobal sources. In-car electronics & GPS$c(Online)$x2219-2727
=985  \\$aISSN responsibility transferred from ISSN International Centre.
=CAT  \\$a11316$b40$c20101109$lBLL01$h0820
=CAT  \\$a11316$b40$c20101109$lBLL01$h0856
=FMT  \\$a  SE
=LAS  \\$a11316$b40$c20101109$lBLL01$h0856
=TCO  \\$aXXX$c008

