=LDR  01000 as a22002897a 4500
=001  015689392
=003  Uk
=005  20160608135928.0
=007  ta
=008  101109c20109999cj\mr\p\\\\\\\0\\\a0eng\\
=022  0\$a2219-1224
=040  \\$aUk$beng$cUk
=222  \0$aGlobal sources. India products$b(Online)
=245  00$aGlobal sources.$pIndia products$h[electronic resource].
=246  30$aIndia products
=260  \\$aGrand Cayman :$bTrade Media
=310  \\$aMonthly
=856  40$uhttp://www.globalsources.com/$zTo subscribe
=985  \\$aISSN responsibility transferred from ISSN International Centre.
=985  \\$aISSN responsibility transferred to ISSN Singapore, now published by Media Data Systems Pte Ltd in Singapore (info via IC) (08/06/16)
=CAT  \\$a11316$b40$c20101109$lBLL01$h0920
=CAT  \\$aWR14_185$c20160214$lBLL01$h1233
=CAT  \\$a10806$b40$c20160608$lBLL01$h1359
=FIN  \\$aY$d20101109
=FMT  \\$a  SE
=LAS  \\$a10806$b40$c20160608$lBLL01$h1359
=TCO  \\$aXXX$c008

