=LDR  00932 as a22003018a 4500
=001  015689464
=003  Uk
=005  20101109104120.0
=007  ta
=008  101109c20109999cj\mr\p\\\\\\\0\\\a0eng\\
=022  0\$a2219-2271$202
=040  \\$aUk$beng$cUk
=222  \0$aGlobal sources. Medical products & supplies$b(Print)
=245  00$aGlobal sources. Medical products & supplies (Print).
=246  3\$aGlobal sources.$pMedical products and supplies
=246  30$aMedical products & supplies
=260  \\$aGrand Cayman :$bTrade Media
=263  \\$a201011
=310  \\$aMonthly
=336  \\$atext$2rdacontent
=337  \\$aunmediated$2rdamedia
=338  \\$avolume$2rdacarrier
=985  \\$aISSN responsibility transferred from ISSN International Centre.
=CAT  \\$a11316$b40$c20101109$lBLL01$h1032
=CAT  \\$a11316$b40$c20101109$lBLL01$h1041
=FMT  \\$a  SE
=LAS  \\$a11316$b40$c20101109$lBLL01$h1041
=TCO  \\$aXXX$c008

