=LDR  02791cas a22006858a 4500
=001  015705383
=003  Uk
=005  20211231173054.0
=007  ta
=008  101130c20119999enkqr\p\\\\\\\0\\\a0eng\\
=022  0\$a2045-8932
=040  \\$aUk$beng$cUk
=222  \0$aPulmonary circulation$b(Print)
=245  00$aPulmonary circulation (Print).
=260  \\$aBride :$bPulmonary Vascular Research Institute
=263  \\$a201103
=310  \\$aQuarterly
=336  \\$atext$2rdacontent
=337  \\$aunmediated$2rdamedia
=338  \\$avolume$2rdacarrier
=540  \\$aCurrent copyright fee: zero$c35\0$5Uk
=776  0\$tPulmonary circulation$c(Online)$x2045-8940
=856  \\$31850-9999$uhttp://www.sagepublications.com/$xBLDSS
=945  \\$aPulmonary circulation.
=979  \\$aBritish Library$bDSC$j7156.967000N
=985  \\$aISSN UK: ISSN responsibility transferred to U.S. ISSN Center prior to completion (The University of Chicago Press) (Richard, 11/02/14)
=ACF  \\$aPrevious Copyright Fee: GBP7.41$c0$e01-oct-2016$fGBP7.41$g0$hC$5Uk
=ACF  \\$aPrevious copyright fee: GBP29.63$c103\0$e01-jan-2017$fGBP29.63$g0$hP$5Uk
=ACF  \\$aPrevious copyright fee: GBP32.00$c103\0$e01-apr-2017$fGBP32.00$g0$hP$5Uk
=ACF  \\$aPrevious copyright fee: GBP28.57$c103\0$e01-apr-2018$fGBP28.57$g0$hP$5Uk
=ACF  \\$aPrevious copyright fee: GBP30.77$c103\0$e01-oct-2017$fGBP30.77$g0$hP$5Uk
=CAT  \\$a11313$b40$c20101130$lBLL01$h1404
=CAT  \\$a10973$b40$c20130802$lBLL01$h1052
=CAT  \\$a10806$b40$c20140211$lBLL01$h1151
=CAT  \\$aBATCH-CLA$b00$c20160831$lBLL01$h1649
=CAT  \\$aIPL-CLA$c20160930$lBLL01$h1631
=CAT  \\$a5552$b40$c20161128$lBLL01$h1123
=CAT  \\$aIPL-CLA$c20161230$lBLL01$h2349
=CAT  \\$aBATCH-UPD$b00$c20170104$lBLL01$h0051
=CAT  \\$aBLDSS-3PM$b00$c20170116$lBLL01$h1615
=CAT  \\$aBATCH-UPD$b00$c20170116$lBLL01$h1616
=CAT  \\$aBATCH-UPD$b00$c20170216$lBLL01$h1738
=CAT  \\$aIPL-CLA$c20170331$lBLL01$h1908
=CAT  \\$aBATCH-UPD$b00$c20170904$lBLL01$h1736
=CAT  \\$aIPL-CLA$c20170929$lBLL01$h1754
=CAT  \\$aBATCH-UPD$b00$c20180223$lBLL01$h1538
=CAT  \\$aIPL-CLA$c20180331$lBLL01$h1652
=CAT  \\$aBATCH-UPD$b00$c20180823$lBLL01$h1855
=CAT  \\$a5552$b40$c20180910$lBLL01$h1437
=CAT  \\$a5552$b40$c20211217$lBLL01$h0800
=CAT  \\$a5552$b40$c20211217$lBLL01$h0805
=CAT  \\$aIPL-CLA$c20211231$lBLL01$h1730
=CFI  0\$aCurrent copyright fee: zero$c35\0$e01-jan-2022$fGBP0.00$g0$hP$5Uk
=CFI  2\$aPrevious copyright fee: zero$c103\0$e10-sep-2018$fGBP0.00$g0$hP$5Uk
=FFP  \\$aY$bBLDSS-3PM
=FMT  \\$a  SE
=LAS  \\$aIPL-CLA$b00$c20211231$lBLL01$h1730
=LET  \0$aPulmonary circulation (Print)
=TCO  \\$aCLA$bCLA$c008
=UNO  \\$aY

