=LDR  01717cas a22004097a 4500
=001  015713506
=003  Uk
=005  20230421081556.0
=006  m\\\\\\\\d\|\\\\\\
=007  cr||||||||||||
=008  101210c20129999enkqr\pos\\\\\0\\\a0eng\\
=022  0\$a2046-0554
=040  \\$aUk$beng$cUk
=082  04$a530.8$223
=130  0\$aInternational journal of computational methods and experimental measurements (Online)
=210  0\$aInt. j. comput. methods & experiment. meas.$b(Online)
=222  \0$aInternational journal of computational methods and experimental measurements$b(Online)
=245  10$aInternational journal of computational methods and experimental measurements$h[electronic resource].
=260  \\$aSouthampton :$bWIT Press
=310  \\$aQuarterly
=336  \\$atext$2rdacontent
=337  \\$acomputer$2rdamedia
=338  \\$aonline resource$2rdacarrier
=776  0\$tInternational journal of computational methods and experimental measurements$x2046-0546
=856  4\$uhttp://journals.witpress.com/journals.asp?iID=73#papers
=985  \\$aISSN description based on first issue viewed on publisher's website, Dec. 5, 2012.
=985  \\$aISSN responsibility transferred to ISSN Canada (21/04/23). Published by IIETA (Canada) from 2023.
=CAT  \\$a11315$b40$c20101210$lBLL01$h1513
=CAT  \\$a8124$b40$c20120906$lBLL01$h1130
=CAT  \\$a11315$b40$c20121205$lBLL01$h0858
=CAT  \\$a10806$b40$c20230403$lBLL01$h0823
=CAT  \\$a10806$b40$c20230421$lBLL01$h0815
=FIN  \\$aY$d20121205
=FMT  \\$a  SE
=LAS  \\$a10806$b40$c20230421$lBLL01$h0815
=LET  \0$aInternational journal of computational methods and experimental measurements (Online)
=TCO  \\$aCLA$bCLA$c008

