=LDR  01308 as a22003737a 4500
=001  015725283
=003  Uk
=005  20160608134608.0
=006  m\\\\\\\\d\|\\\\\\
=007  cr||||||||||||
=008  110104c20079999enkmr\p\s\\\\\0\\\a0eng\\
=022  0\$a2046-1895$y1993-0712
=040  \\$aUk$beng$cUk
=222  \0$aGlobal sources. Gifts & premiums$b(Online)
=245  00$aGifts & premiums$h[electronic resource].
=246  3\$aGlobal sources.$pGifts and premiums
=246  30$aGifts & premiums
=260  \\$aGrand Cayman :$bTrade Media
=310  \\$aMonthly
=336  \\$atext$2rdacontent
=337  \\$acomputer$2rdamedia
=338  \\$aonline resource$2rdacarrier
=856  40$uhttp://www.gifts.globalsources.com$zTo subscribe
=985  \\$aISSN description based on: Vol. 4, issue 6 (July 2010).
=985  \\$aISSN responsibility transferred to ISSN Singapore, now published by Media Data Systems Pte Ltd in Singapore (info via IC) (08/06/16)
=CAT  \\$a11316$b40$c20110104$lBLL01$h1153
=CAT  \\$a11316$b40$c20110104$lBLL01$h1155
=CAT  \\$a11316$b40$c20110104$lBLL01$h1156
=CAT  \\$a11316$b40$c20110104$lBLL01$h1202
=CAT  \\$a10806$b40$c20160608$lBLL01$h1346
=FIN  \\$aY$d20110104
=FMT  \\$a  SE
=LAS  \\$a10806$b40$c20160608$lBLL01$h1346
=TCO  \\$aCLA$bCLA$c008

