=LDR  01180 as a22003377a 4500
=001  015725316
=003  Uk
=005  20160608135431.0
=006  m\\\\\\\\d\|\\\\\\
=007  cr||||||||||||
=008  110104c20079999enkmr\p\s\\\\\0\\\a0eng\\
=022  0\$a2046-1909$y1993-0704
=040  \\$aUk$beng$cUk
=222  \0$aGlobal sources. Home products$b(Online)
=245  00$aGlobal sources.$pHome products$h[electronic resource].
=246  30$aHome products
=260  \\$aGrand Cayman :$bTrade Media
=310  \\$aMonthly
=336  \\$atext$2rdacontent
=337  \\$acomputer$2rdamedia
=338  \\$aonline resource$2rdacarrier
=776  0\$tGlobal sources. Home products$x1993-0704
=856  40$uhttp://www.homeproducts.globalsources.com/$zTo subscribe
=985  \\$aISSN description based on: Vol. 4, no. 6 (July 2010).
=985  \\$aISSN responsibility transferred to ISSN Singapore, now published by Media Data Systems Pte Ltd in Singapore (info via IC) (08/06/16)
=CAT  \\$a11316$b40$c20110104$lBLL01$h1227
=CAT  \\$a10806$b40$c20160608$lBLL01$h1354
=FIN  \\$aY$d20110104
=FMT  \\$a  SE
=LAS  \\$a10806$b40$c20160608$lBLL01$h1354
=TCO  \\$aCLA$bCLA$c008

