=LDR  01387 as a22003737a 4500
=001  015770987
=003  Uk
=005  20131129113933.0
=006  m\\\\\\\\d\|\\\\\\
=007  cr||||||||||||
=008  110315c20119999pk\mr\p\s\\\\\0\\\a0eng\\
=022  0\$a2046-7141
=040  \\$aUk$beng$cUk
=222  \0$aInterdisciplinary journal of research in business
=245  00$aInterdisciplinary journal of research in business$h[electronic resource] :$bIDJRB.
=246  3\$aIDJRB
=260  \\$aLondon :$bCenter for Research Promotion, UK Chapter
=264  31$aLahore :$bWorld Centre for Academic Research (WCAR)
=310  \\$aMonthly
=336  \\$atext$2rdacontent
=337  \\$acomputer$2rdamedia
=338  \\$aonline resource$2rdacarrier
=710  2\$aCenter for Research Promotion.$bUK Chapter.
=856  40$uhttp://www.idjrb.com/index.php
=985  \\$aISSN description based on: Vol. 1, no. 1 (2011); title from html caption (publisher's Web site viewed Mar. 15, 2011).
=985  \\$aISSN responsibility transferred from ISSN UK Centre to ISSN International Centre, 29/11/13
=CAT  \\$a11316$b40$c20110315$lBLL01$h1024
=CAT  \\$a11316$b40$c20110315$lBLL01$h1040
=CAT  \\$a5100$b40$c20110317$lBLL01$h0757
=CAT  \\$a10806$b40$c20131129$lBLL01$h1139
=FIN  \\$aY$d20110315
=FMT  \\$a  SE
=LAS  \\$a10806$b40$c20131129$lBLL01$h1139
=TCO  \\$aCLA$bCLA$c008

