=LDR  01661 as a22004337a 4500
=001  015954447
=003  Uk
=005  20190815124053.0
=006  m\\\\\\\\d\|\\\\\\
=007  cr||||||||||||
=008  111024c20119999enkfr\p\s\\\\\0\\\a0eng\\
=022  0\$a2049-1115
=040  \\$aUk$beng$cUk
=222  \0$aHAU
=245  00$aHAU$h[electronic resource] :$bjournal of ethnographic theory.
=260  \\$aCambridge :$bG. da Col (Mongolia and Inner Asia Studies Unit, University of Cambridge)
=264  31$aChicago :$bUniversity of Chicago Press on behalf of the Society for Ethnographic Theory
=310  \\$aSemiannual
=336  \\$atext$2rdacontent
=337  \\$acomputer$2rdamedia
=338  \\$aonline resource$2rdacarrier
=776  08$iAlso issued in print as:$tHAU$x2575-1433
=787  0\$tHAU masterclass series$x2049-4769
=787  0\$tHAU classics of ethnographic theory series$x2051-087X
=856  40$uhttp://www.haujournal.org/index.php/hau/index$zTo subscribe
=856  40$uhttps://www.journals.uchicago.edu/journals/hau/about
=985  \\$aISSN title from home page html header (viewed Mar. 9, 2012).
=985  \\$aISSN responsibility transferred from ISSN UK to US Center, August 15 2019.
=CAT  \\$a10806$b40$c20111024$lBLL01$h1425
=CAT  \\$aBATCH-TCO$c20120117$lBLL01$h0040
=CAT  \\$a5997$b40$c20120310$lBLL01$h0619
=CAT  \\$a10806$b40$c20130425$lBLL01$h1330
=CAT  \\$a10806$b40$c20130906$lBLL01$h1206
=CAT  \\$a11313$b40$c20190815$lBLL01$h1151
=CAT  \\$a11313$b40$c20190815$lBLL01$h1240
=FIN  \\$aY$d20120310
=FMT  \\$a  SE
=LAS  \\$a11313$b40$c20190815$lBLL01$h1240
=TCO  \\$aCLA$bCLA$c008

