=LDR  01283 as a22003497a 4500
=001  015966790
=003  Uk
=005  20120705123616.0
=007  ta
=008  111110c20119999enk\x\m\\\\\\\0\\\a0eng\\
=022  0\$a2048-7851
=040  \\$aUk$beng$cUk
=222  \0$aIIED climate change working paper$b(Print)
=245  00$aIIED climate change working paper.
=246  0\$aInternational Institute for Environment and Development climate change working paper
=260  \\$aLondon :$bInternational Institute for Environment and Development
=336  \\$atext$2rdacontent
=337  \\$aunmediated$2rdamedia
=338  \\$avolume$2rdacarrier
=710  2\$aInternational Institute for Environment and Development.
=776  0\$tIIED climate change working paper$c(Online)$x2048-786X
=985  \\$aISSN responsibility transferred from ISSN UK to ISSN International Centre, 5/7/12.
=CAT  \\$a7152$b40$c20111110$lBLL01$h1434
=CAT  \\$aBATCH-TCO$c20120117$lBLL01$h0039
=CAT  \\$a10806$b40$c20120330$lBLL01$h1314
=CAT  \\$a10806$b40$c20120330$lBLL01$h1323
=CAT  \\$a7152$b40$c20120705$lBLL01$h1236
=FIN  \\$aY$d20120330
=FMT  \\$a  SE
=LAS  \\$a7152$b40$c20120705$lBLL01$h1236
=LET  \0$aIIED climate change working paper (Print)
=TCO  \\$aCLA$bCLA$c008

