=LDR  03034cas a22007218a 4500
=001  016055949
=003  Uk
=005  20230426111033.0
=007  ta
=008  120326c20139999enkqr\p\\\\\\\0\\\a0eng\\
=022  0\$a2050-0513
=040  \\$aUk$beng$cUk
=222  \0$aSexual medicine reviews$b(Print)
=245  00$aSexual medicine reviews (Print)
=260  \\$aOxford :$bWiley-Blackwell
=263  \\$a201304
=310  \\$aQuarterly
=336  \\$atext$2rdacontent
=337  \\$aunmediated$2rdamedia
=338  \\$avolume$2rdacarrier
=540  \\$aCurrent Copyright Fee: GBP30.00$c29\0$5Uk
=856  \\$31850-9999$uhttp://onlinelibrary.wiley.com/$xBLDSS
=945  \\$aSexual medicine reviews.
=979  \\$aBritish Library$bDSC$j8254.484470
=985  \\$aISSN UK Centre note: print version of ISSN 2050-0521 - please add 776 fields when completing. ISSN UK, 17.06.2013
=985  \\$aISSN UK Centre note: unable to obtain a print version copy from Wiley (unable to confirm if available in print format).
=985  \\$aISSN responsibility transferred from UK to Netherlands prior to completion, 20/07/16.
=ACF  \\$aPrevious copyright fee: GBP24.00$c35\0$e01-mar-2015$fGBP24.00$g0$hP$5Uk
=ACF  \\$aPrevious copyright fee: GBP22.00$c35\0$e19-mar-2013$fGBP22.00$g0$hP$5Uk
=ACF  \\$aPrevious copyright fee: GBP22.50$c5\1$e24-feb-2016$fGBP22.50$g0$hP$5Uk
=ACF  \\$aPrevious copyright fee: GBP23.40$c5\1$e01-jan-2018$fGBP23.40$g0$hP$5Uk
=ACF  \\$aPrevious copyright fee: GBP32.84$c5\1$e01-jul-2019$fGBP32.84$g0$hP$5Uk
=CAT  \\$a10973$b40$c20120326$lBLL01$h1100
=CAT  \\$a12654$b40$c20130319$lBLL01$h1455
=CAT  \\$a8124$b40$c20130507$lBLL01$h1407
=CAT  \\$a11313$b40$c20130617$lBLL01$h1413
=CAT  \\$aBLDSS-3PM$b00$c20141214$lBLL01$h1527
=CAT  \\$aBATCH-UPD$b00$c20150215$lBLL01$h1705
=CAT  \\$aIPL-CLA$c20150228$lBLL01$h2057
=CAT  \\$a10973$b40$c20151009$lBLL01$h1356
=CAT  \\$a5552$b40$c20160224$lBLL01$h1332
=CAT  \\$aBATCH-UPD$b40$c20160413$lBLL01$h1826
=CAT  \\$a10806$b40$c20160720$lBLL01$h0954
=CAT  \\$a5552$b40$c20170222$lBLL01$h1230
=CAT  \\$aBATCH-UPD$b40$c20171121$lBLL01$h1754
=CAT  \\$aIPL-CLA$c20171231$lBLL01$h1812
=CAT  \\$aBATCH-UPD$b00$c20190521$lBLL01$h1445
=CAT  \\$aIPL-CLA$c20190630$lBLL01$h1546
=CAT  \\$aBATCH-UPD$b00$c20211119$lBLL01$h1601
=CAT  \\$aIPL-CLA$c20211231$lBLL01$h1545
=CAT  \\$aS2302-1302$c20230323$lBLL01$h1443
=CAT  \\$aIPL-CLA$c20230331$lBLL01$h1547
=CAT  \\$aBATCH-UNOA$c20230405$lBLL01$h0021
=CAT  \\$aS2304-0519$c20230412$lBLL01$h1140
=CAT  \\$aBATCH-SUPP$c20230426$lBLL01$h1110
=CFI  0\$aCurrent Copyright Fee: GBP30.00$c29\0$e01-apr-2023$fGBP30.00$g0$hP$5Uk
=CFI  2\$aPrevious copyright fee: GBP34.30$c5\1$e01-jan-2022$fGBP34.30$g0$hP$5Uk
=FFP  \\$aY$bBLDSS-3PM
=FMT  \\$a  SE
=LAS  \\$aBATCH-SUPP$b00$c20230426$lBLL01$h1110
=LET  \0$aSexual medicine reviews (Print)
=TOC  \\$aETOC
=UNO  \\$aY

