=LDR  01366 as a22003617i 4500
=001  016090245
=003  Uk
=005  20170720155407.0
=006  m\\\\\\\\d\|\\\\\\
=007  cr||||||||||||
=008  120522c201u9999enk\x\d\o\\\\\0\\\a0eng\\
=022  0\$a2050-4217
=040  \\$aUk$beng$cUk$erda
=210  0\$aCochrane clin. answ.
=222  \0$aCochrane clinical answers
=245  00$aCochrane clinical answers.
=264  \1$a[Oxford] :$bCochrane Innovations Ltd. and Wiley Online Library
=310  \\$aContinuously updated
=336  \\$atext$2rdacontent
=337  \\$acomputer$2rdamedia
=338  \\$aonline resource$2rdacarrier
=787  0\$tCochrane library$x1465-1858
=856  40$uhttp://cochraneclinicalanswers.com/
=985  \\$aISSN description based on: resource homepage, viewed June 9, 2014. Publisher details from "About us" section of website.
=985  \\$aISSN RDA COMPLETION - TO BE CATALOGUED BY RDA TRAINED CATALOGUERS.
=985  \\$aISSN responsibility transferred to U.S. ISSN Center from ISSN UK Centre, Wiley, Multinational Publisher List, Summer 2017
=CAT  \\$a10973$b40$c20120522$lBLL01$h1453
=CAT  \\$a10806$b40$c20140609$lBLL01$h1118
=CAT  \\$a10806$b40$c20170720$lBLL01$h1554
=FIN  \\$aY$d20140609
=FMT  \\$a  SE
=LAS  \\$a10806$b40$c20170720$lBLL01$h1554
=LET  \0$aCochrane clinical answers (Electronic)

