=LDR  02060 as a22004577a 4500
=001  016105373
=003  Uk
=005  20180226140733.0
=007  ta
=008  120618c19989999enk\x\m\\\\\\\0\\\a0eng\\
=022  0\$a1397-7555
=040  \\$aUk$beng$cUk
=210  0\$aEur. j. oral sci., Suppl.$b(Papirform)
=222  \0$aEuropean journal of oral sciences. Supplement$b(Papirform)
=245  00$aEuropean journal of oral sciences.$pSupplement.
=260  \\$aCopenhagen :$bMunksgaard International Publishers,$c1998-
=260  2\$aCopenhagen :$bBlackwell Munksgaard
=264  31$a[Oxford] :$b[John Wiley & Sons Ltd]
=336  \\$atext$2rdacontent
=337  \\$aunmediated$2rdamedia
=338  \\$avolume$2rdacarrier
=540  \\$aBritish Library not licensed to copy$c0$5Uk
=772  0\$tEuropean journal of oral sciences$x0909-8836
=776  0\$tEuropean journal of oral sciences. Supplement (CD-ROM)$x1398-3393
=985  \\$aISSN UK record based on: Vol. 114, Suppl. no. 1 (May 2006) = "Enamel VII: proceedings of the Seventh International Symposium on the Composition, Properties and Fundamental Structure of Tooth Enamel."
=985  \\$aISSN responsibility transferred from ISSN Denmark to UK ISSN Centre, 18/06/12
=985  \\$aISSN responsibility transferred to US ISSN Center from ISSN UK Centre, Wiley, Multinational Publisher List, Summer 2017.
=CAT  \\$a10806$b40$c20120618$lBLL01$h0906
=CAT  \\$a10806$b40$c20120618$lBLL01$h0916
=CAT  \\$aBATCH-CLA$b00$c20120831$lBLL01$h1542
=CAT  \\$aIPL-CLA$c20120930$lBLL01$h2138
=CAT  \\$aWR12_128$c20121113$lBLL01$h1838
=CAT  \\$aBATCH-CLA$b00$c20130228$lBLL01$h1711
=CAT  \\$aIPL-CLA$c20130331$lBLL01$h1100
=CAT  \\$a540_fix$c20130403$lBLL01$h2018
=CAT  \\$a11313$b40$c20180226$lBLL01$h1407
=CFI  0\$aBritish Library not licensed to copy$c0$e01-apr-2013$hC$iCFP Excluded$5Uk
=CFI  2\$aBritish Library not licensed to copy$c0$e01-oct-2012$hC$iCFP Excluded$5Uk
=FIN  \\$aY$d20120618
=FMT  \\$a  SE
=LAS  \\$a11313$b40$c20180226$lBLL01$h1407

