=LDR  01462 as a22003977a 4500
=001  016149657
=003  Uk
=005  20191203145615.0
=006  m\\\\\\\\d\|\\\\\\
=007  cr||||||||||||
=008  120816d20132017nyuar\p\o\\\\\0\\\a0eng\\
=022  0\$a2050-9197
=040  \\$aUk$beng$cUk$erda
=222  \0$aMobility in history$b(Online)
=245  00$aMobility in history$h[electronic resource].
=264  \1$aOxford :$bBerghahn Books
=264  31$aNew York :$bBerghahn Journals
=310  \\$aAnnual
=336  \\$atext$2rdacontent
=337  \\$acomputer$2rdamedia
=338  \\$aonline resource$2rdacarrier
=362  0\$a-volume 8, issue 1 (January 2017).
=776  08$iAlso issued in print as:$tMobility in history$x2296-0503
=856  40$uhttps://www.berghahnjournals.com/view/journals/mobility-in-history/mobility-in-history-overview.xml
=985  \\$aISSN description based on: Volume 5 (2014); viewed March 26 2014.
=985  \\$aISSN RDA COMPLETION - TO BE CATALOGUED BY RDA TRAINED CATALOGUERS.
=985  \\$aISSN responsibility transferred from UK to U.S. (19/02/19)
=CAT  \\$a11313$b40$c20120816$lBLL01$h1435
=CAT  \\$a11313$b40$c20140326$lBLL01$h0917
=CAT  \\$a10806$b40$c20180912$lBLL01$h1114
=CAT  \\$a10806$b40$c20190219$lBLL01$h1146
=CAT  \\$a10806$b40$c20191203$lBLL01$h1456
=FIN  \\$aY$d20140326
=FMT  \\$a  SE
=LAS  \\$a10806$b40$c20191203$lBLL01$h1456
=LET  \0$aMobility in history (Electronic)

