=LDR  01332 as a22003497a 4500
=001  016157363
=003  Uk
=005  20121211113654.0
=006  m\\\\\\\\d\|\\\\\\
=007  cr||||||||||||
=008  120829c20109999enk\x\p\o\\\\\0\\\a0eng\\
=022  0\$a2051-1914
=040  \\$aUk$beng$cUk
=210  0\$aInt. j. agron. plant prod.
=222  \0$aInternational journal of agronomy and plant production
=245  00$aInternational journal of agronomy and plant production$h[electronic resource].
=246  3\$aIJAPP
=260  \\$aLondon :$bVictorquest
=260  3\$aAnkara :$bInternational Journal of Agronomy and Plant Production
=336  \\$atext$2rdacontent
=337  \\$acomputer$2rdamedia
=338  \\$aonline resource$2rdacarrier
=856  40$uhttp://victorquestpub.com/ijapp/
=856  40$uhttp://www.ijappjournal.com
=985  \\$aISSN description based on: journal homepage, viewed 29/08/12, earliest issue available: Vol. 1(1) (2010), latest available issue: Vol. 3(1) (2012).
=985  \\$aISSN responsibility transferred to ISSN Turkey - 14/9/2012.
=CAT  \\$a10806$b40$c20120829$lBLL01$h1053
=CAT  \\$a11316$b40$c20121211$lBLL01$h1136
=FIN  \\$aY$d20120829
=FMT  \\$a  SE
=LAS  \\$a11316$b40$c20121211$lBLL01$h1136
=LET  \0$aInternational journal of agronomy and plant production (Electronic)

