=LDR  01652 as a22004097a 4500
=001  016169190
=003  Uk
=005  20170918101820.0
=006  m\\\\\\\\d\|\\\\\\
=007  cr||||||||||||
=008  120912c19999999enk\x\m\o\\\\\0\\\a0eng\\
=022  0\$a2051-2139
=040  \\$aUk$beng$cUk
=222  \0$aBJU international. Supplement$b(Online)
=245  00$aBJU international.$pSupplement$h[electronic resource].
=246  1\$iMinor title change:$aBJUI supplements
=260  \\$aOxford :$bBlackwell Science
=260  3\$aChichester :$bWiley
=310  \\$aIrregular
=336  \\$atext$2rdacontent
=337  \\$acomputer$2rdamedia
=338  \\$aonline resource$2rdacarrier
=710  2\$aBritish Association of Urological Surgeons.
=710  2\$aInternational Society of Urology.
=710  2\$aEuropean Society of Paediatric Urology.
=772  0\$tBJU international (Online)$x1464-410X
=776  0\$tBJU international. Supplement$c(Print)$x1465-5101
=780  00$tBritish journal of urology. Supplement$c(Online)$x2051-2120
=856  40$uhttp://onlinelibrary.wiley.com/journal/10.1111/(ISSN)1464-410X
=985  \\$aISSN responsibility transferred to US ISSN Center from ISSN UK Centre, Wiley Multinational Publisher List, Summer 2017.
=985  \\$aISSN description based on: Print record. Latest issue consulted: Vol. 109, supplement S7 (June 2012) (Wiley Online Library, viewed Sept. 12, 2012).
=CAT  \\$a11316$b40$c20120912$lBLL01$h1051
=CAT  \\$a11313$b40$c20170918$lBLL01$h1018
=FIN  \\$aY$d20120912
=FMT  \\$a  SE
=LAS  \\$a11313$b40$c20170918$lBLL01$h1018
=LET  \0$aBJU international. Supplement (Electronic)

