=LDR  01461 as a22003737a 4500
=001  016255946
=003  Uk
=005  20200701081548.0
=006  m\\\\\\\\d\|\\\\\\
=007  cr||||||||||||
=008  130122c20119999nz\uu\p\o\\\\\0\\\a0eng\\
=022  0\$a1792-6939
=040  \\$aUk$beng$cUk
=210  0\$aJ. appl. math. bioinforma.$b(Online)
=222  \0$aJournal of applied mathematics and bioinformatics$b(Online)
=245  00$aJournal of applied mathematics and bioinformatics$h[electronic resource].
=260  \\$aAthens :$bInternational Scientific Press
=260  2\$aBushey Heath :$bScienpress
=264  21$aLondon :$bScienpress Ltd
=264  31$aChristchurch, New Zealand :$bScientific Press International Limited
=336  \\$atext$2rdacontent
=337  \\$acomputer$2rdamedia
=338  \\$aonline resource$2rdacarrier
=776  0\$tJournal of applied mathematics and bioinformatics$x1792-6602
=856  40$uhttp://www.scienpress.com/journal_focus.asp?Main_Id=57
=985  \\$aISSN UK: ISSN responsibility transferred from ISSN Greece to ISSN UK Centre, 22/01/13
=985  \\$aISSN responsibility passed to ISSN New Zealand (01/07/20)
=CAT  \\$a10806$b40$c20130122$lBLL01$h1405
=CAT  \\$a11313$b40$c20150729$lBLL01$h1302
=CAT  \\$a10806$b40$c20200701$lBLL01$h0815
=FIN  \\$aY$d20130122
=FMT  \\$a  SE
=LAS  \\$a10806$b40$c20200701$lBLL01$h0815
=LET  \0$aJournal of applied mathematics and bioinformatics (Electronic)

