=LDR  01443 as a22003857a 4500
=001  016255985
=003  Uk
=005  20200701085318.0
=006  m\\\\\\\\d\|\\\\\\
=007  cr||||||||||||
=008  130122c20119999nz\tr\p\o\\\\\0\\\a0eng\\
=022  0\$a1792-8850
=040  \\$aUk$beng$cUk
=210  0\$aJ. comput. modelling$b(Online)
=222  \0$aJournal of computations and modelling$b(Online)
=245  00$aJournal of computations and modelling$h[electronic resource].
=260  \\$aAthens :$bInternational Scientific Press
=260  2\$aBushey Heath :$bScienpress
=264  21$aLondon :$bScienpress Ltd
=264  31$aChristchurch, New Zealand :$bScientific Press International Limited
=310  \\$aThree issues yearly
=336  \\$atext$2rdacontent
=337  \\$acomputer$2rdamedia
=338  \\$aonline resource$2rdacarrier
=776  0\$tJournal of computations and modelling$x1792-7625
=856  40$uhttp://www.scienpress.com/Journal_focus.asp?Main_id=58
=985  \\$aISSN UK: ISSN responsibility transferred from ISSN Greece to ISSN UK Centre, 22/01/13
=985  \\$aISSN responsibility passed to ISSN New Zealand (01/07/20)
=CAT  \\$a10806$b40$c20130122$lBLL01$h1436
=CAT  \\$a11313$b40$c20150729$lBLL01$h1319
=CAT  \\$a10806$b40$c20200701$lBLL01$h0853
=FIN  \\$aY$d20130122
=FMT  \\$a  SE
=LAS  \\$a10806$b40$c20200701$lBLL01$h0853
=LET  \0$aJournal of computations and modelling (Electronic)

