=LDR  02194cas a22005778a 4500
=001  016273474
=003  Uk
=005  20231016110920.0
=007  ta
=008  130211c20149999enkqr\\\\\\\\\0\\\a0eng\\
=022  0\$a2052-174X
=040  \\$aUk$beng$cUk
=222  \0$aAustral entomology$b(Print)
=245  00$aAustral entomology.
=260  \\$aOxford :$bWiley Blackwell
=263  \\$a201402
=310  \\$aQuarterly
=336  \\$atext$2rdacontent
=337  \\$aunmediated$2rdamedia
=338  \\$avolume$2rdacarrier
=540  \\$aCurrent Copyright Fee: GBP32.00$c35\0$5Uk
=776  08$iAlso issued online as:$tAustral entomology$x2052-1758
=856  \\$31850-9999$uhttp://onlinelibrary.wiley.com/$xBLDSS
=945  \\$aAustral entomology.
=959  \\$fCurrently received
=979  \\$aBritish Library$bDSC$j1793.108000
=985  \\$aISSN responsibility transferred to US ISSN Center from ISSN UK Centre, Wiley, Multinational Publisher List, Summer 2017.
=985  \\$aC/T from Australian journal of entomology ISSN 1326-6756
=ACF  \\$aPrevious Copyright Fee: GBP24.00$c0$e01-apr-2018$fGBP24.00$g0$hC$5Uk
=CAT  \\$a11316$b40$c20130211$lBLL01$h0920
=CAT  \\$a12654$b40$c20131015$lBLL01$h1133
=CAT  \\$a12654$b40$c20131015$lBLL01$h1134
=CAT  \\$a8124$b40$c20140218$lBLL01$h1505
=CAT  \\$a11313$b40$c20170919$lBLL01$h1022
=CAT  \\$aBATCH-CLA$b00$c20180228$lBLL01$h1646
=CAT  \\$aIPL-CLA$c20180331$lBLL01$h1703
=CAT  \\$aBATCH-CLA$b00$c20190228$lBLL01$h1623
=CAT  \\$aIPL-CLA$c20190331$lBLL01$h1731
=CAT  \\$a5552$b40$c20191205$lBLL01$h0858
=CAT  \\$aBLDSS-3PM$b00$c20191211$lBLL01$h0809
=CAT  \\$aBATCH-UPD$b00$c20191211$lBLL01$h0809
=CAT  \\$aIPL-CLA$c20191231$lBLL01$h2034
=CAT  \\$a12654$b40$c20231016$lBLL01$h1109
=CFI  0\$aCurrent Copyright Fee: GBP32.00$c35\0$e01-jan-2020$fGBP32.00$g0$hP$5Uk
=CFI  1\$aPending Copyright Fee: GBP39.00$c35\0$e01-jan-2024$fGBP39.00$g0$hP$5Uk
=CFI  2\$aPrevious Copyright Fee: GBP28.00$c35\0$e01-apr-2019$fGBP28.00$g0$hP$5Uk
=FFP  \\$aY$bBLDSS-3PM
=FMT  \\$a  SE
=LAS  \\$a12654$b40$c20231016$lBLL01$h1109
=TOC  \\$aETOC
=UNO  \\$aY

