=LDR  01857 as a22004097i 4500
=001  016298799
=003  Uk
=005  20150114091237.0
=006  m\\\\\\\\d\|\\\\\\
=007  cr||||||||||||
=008  130312c20099999vb\qx\p\o\\\\\0\\\a0eng\\
=022  0\$a1799-8859$y1798-0461
=040  \\$aUk$beng$cUk$erda
=222  \0$aJournal of emerging technologies in web intelligence$b(Online)
=245  00$aJournal of emerging technologies in web intelligence.
=246  13$aJETWI
=260  \\$aOulu :$bAcademy Publisher,$c2006-
=264  21$3March 2013-$aTortola, British Virgin Islands :$bAcademy Publisher
=264  31$a[Rowland Heights, CA] :$bEngineering and Technology Publishing
=310  \\$aFour issues yearly
=336  \\$atext$2rdacontent
=337  \\$acomputer$2rdamedia
=338  \\$aonline resource$2rdacarrier
=776  08$iAlso issued in print as:$tJournal of emerging technologies in web intelligence$x1798-0461
=856  40$uhttp://academypublisher.com/jetwi
=985  \\$aISSN description based on: Vol 1, no 1 (2009); title from issue table of contents (publisher's Web site viewed March 12, 2013). Latest issue consulted: Vol 5, no 1 (2013) (viewed March 12, 2013).
=985  \\$aISSN RDA COMPLETION - TO BE CATALOGUED BY RDA TRAINED CATALOGUERS.
=985  \\$aISSN responsibility transferred from ISSN Finland - 4/3/2013. Publisher details based on ISSN Portal record created by ISSN Finland.
=985  \\$aISSN responsibility transferred to US ISSN Center, 14.01.2015.
=CAT  \\$a11316$b40$c20130312$lBLL01$h1230
=CAT  \\$a11316$b40$c20130312$lBLL01$h1232
=CAT  \\$a11316$b40$c20130312$lBLL01$h1415
=CAT  \\$a11313$b40$c20150114$lBLL01$h0912
=FIN  \\$aY$d20130312
=FMT  \\$a  SE
=LAS  \\$a11313$b40$c20150114$lBLL01$h0912
=LET  \0$aJournal of emerging technologies in web intelligence (Electronic)

