=LDR  01658 as a22003857i 4500
=001  016298848
=003  Uk
=005  20150114091350.0
=006  m\\\\\\\\d\|\\\\\\
=007  cr||||||||||||
=008  130312c20109999vb\qx\p\o\\\\\0\\\a0eng\\
=022  0\$a1798-2340
=040  \\$aUk$beng$cUk$erda
=222  \0$aJournal of advances in information technology
=245  00$aJournal of advances in information technology.
=246  13$aJAIT
=260  \\$aOulu :$bAcademy Publisher,$c2006-
=264  21$3March 2013-$aTortola, British Virgin Islands :$bAcademy Publisher
=264  31$a[Rowland Heights, CA] :$bEngineering and Technology Publishing
=310  \\$aFour issues yearly
=336  \\$atext$2rdacontent
=337  \\$acomputer$2rdamedia
=338  \\$aonline resource$2rdacarrier
=856  40$uhttp://academypublisher.com/jait
=985  \\$aISSN description based on: Vol 1, no 1 (2010); title from issue table of contents (publisher's Web site viewed March 12, 2013). Latest issue consulted: Vol 4, no 1 (2013) (viewed March 12, 2013).
=985  \\$aISSN RDA COMPLETION - TO BE CATALOGUED BY RDA TRAINED CATALOGUERS.
=985  \\$aISSN responsibility transferred from ISSN Finland - 4/3/2013. Publisher details based on ISSN Portal record created by ISSN Finland.
=985  \\$aISSN responsibility transferred to US ISSN Center, 14.01.2015.
=CAT  \\$a11316$b40$c20130312$lBLL01$h1353
=CAT  \\$a11316$b40$c20130312$lBLL01$h1414
=CAT  \\$a11313$b40$c20150114$lBLL01$h0913
=FIN  \\$aY$d20130312
=FMT  \\$a  SE
=LAS  \\$a11313$b40$c20150114$lBLL01$h0913
=LET  \0$aJournal of advances in information technology (Electronic)

