=LDR  01014 as a22003137i 4500
=001  016414138
=003  Uk
=005  20160314082914.0
=006  m\\\\\\\\d\|\\\\\\
=007  cr||||||||||||
=008  130517c201u9999xxuqr\p\o\\\\\0\\\a0eng\\
=022  0\$a2052-790X
=040  \\$aUk$beng$cUk$erda
=222  \0$aCochrane learning
=245  00$aCochrane learning.
=264  \1$a[Hoboken, N.J.?] :$bWiley
=310  \\$aQuarterly
=336  \\$atext$2rdacontent
=337  \\$acomputer$2rdamedia
=338  \\$aonline resource$2rdacarrier
=856  40$uhttps://www.wileyhealthlearning.com/cochrane.aspx$zTo subscribe
=985  \\$aISSN responsibility transferred to US Center ahead of completion, March 14 2016.
=985  \\$aISSN RDA COMPLETION - TO BE CATALOGUED BY RDA TRAINED CATALOGUERS.
=CAT  \\$a10973$b40$c20130517$lBLL01$h1134
=CAT  \\$a11313$b40$c20160314$lBLL01$h0829
=FIN  \\$aY$d20160314
=FMT  \\$a  SE
=LAS  \\$a11313$b40$c20160314$lBLL01$h0829
=LET  \0$aCochrane learning (Electronic)

