=LDR  02623cas a2200589 i 4500
=001  016438010
=003  Uk
=005  20211220095445.0
=006  m\\\\\|\\d\|\\\\\\
=007  cr||||||||||||
=008  130627c19889999ie\qx\p\o\\\\\0\\\a0eng\\
=022  0\$a2755-0605$y0953-1599
=040  \\$aUk$beng$cUk$dUk$erda
=042  \\$aukblsr
=082  04$a769.5649523$223
=130  0\$aOrbit (Astro-Space Stamp Society)
=210  0\$aOrbit$b(Astro Space Stamp Soc. Online)
=222  \0$aOrbit$b(Astro Space Stamp Society. Online)
=245  10$aOrbit :$bthe magazine of the Astro-Space Stamp Society.
=246  13$aOrbit magazine
=260  \\$aBridgnorth :$bAstro-Space Stamp Society,$c1988-
=264  31$a[Dublin] :$bAstro Space Stamp Society
=300  \\$billustrations (black and white, and colour)
=310  \\$aFour issues yearly
=336  \\$atext$2rdacontent
=337  \\$acomputer$2rdamedia
=338  \\$aonline resource$2rdacarrier
=362  0\$aIssue 1 (Jan. 1988)-
=500  \\$aTitle from PDF cover (publisher's cover, viewed February 12, 2015).
=588  \\$aLatest issue consulted: issue 130 (October 2021).
=650  \0$aPostage stamps$xCollectors and collecting$vPeriodicals.
=650  \0$aOuter space$vPeriodicals.
=710  2\$aAstro Space Stamp Society,$eissuing body.
=776  08$iPrint version -2021:$tOrbit (Astro-Space Stamp Society)$x0953-1599
=856  4\$uhttp://www.astrospacestampsociety.com/$zTo subscribe
=985  \\$aSet consists of just these back issues for now, ingested in error; all 29 issues also held in print on 011818524 - are pre-Sachet 1996 holdings which do not have items - holding is in 866 field; Print is still being published 12/2/15.
=985  \\$aISSN UK Centre: publication ceased in print in June 2021, pdf only from issue 130. Confirmation from the editor that the pdf is published, edited and distributed from Ireland. ISSN responsibility transferred to ISSN Ireland 20/12/2021.
=CAT  \\$a10902$b40$c20130627$lBLL01$h1134
=CAT  \\$a3072$b40$c20130701$lBLL01$h1307
=CAT  \\$a3072$b40$c20150212$lBLL01$h1457
=CAT  \\$a3072$b40$c20150212$lBLL01$h1459
=CAT  \\$aBATCH-UPD$b40$c20151018$lBLL01$h2039
=CAT  \\$a10973$b40$c20211209$lBLL01$h1237
=CAT  \\$a10973$b40$c20211209$lBLL01$h1239
=CAT  \\$a10973$b40$c20211209$lBLL01$h1245
=CAT  \\$a10973$b40$c20211214$lBLL01$h1228
=CAT  \\$a10973$b40$c20211217$lBLL01$h1228
=CAT  \\$a10973$b40$c20211220$lBLL01$h0954
=FIN  \\$aY$d20150212
=FMT  \\$a  SE
=LAS  \\$a10973$b40$c20211220$lBLL01$h0954
=STA  \\$aSUPPRESSED$bIngested as issues

