=LDR  01581 as a22004457i 4500
=001  016448042
=003  Uk
=005  20141117101232.0
=006  m\\\\\\\\d\|\\\\\\
=007  cr||||||||||||
=008  130709c20139999cau\x\m\o\\\\\0\\\a0eng\\
=022  0\$a2053-2571
=040  \\$aUk$beng$cUk$erda
=210  0\$aIOP concise phys.$b(Online)
=222  \0$aIOP concise physics$b(Online)
=245  00$aIOP concise physics.
=246  3\$aInstitute of Physics concise physics
=264  \1$a[San Rafael, CA] :$b[Morgan & Claypool Publishers]
=310  \\$aIrregular
=336  \\$atext$2rdacontent
=337  \\$acomputer$2rdamedia
=338  \\$aonline resource$2rdacarrier
=776  08$iAlso issued in print as:$tIOP concise physics$x2054-7307
=856  4\$uhttp://iopscience.iop.org/books$zFollow links to resource
=985  \\$aISSN RECORD ONLY. PLEASE DO NOT MERGE. DO NOT ADD ITEMS
=985  \\$aISSN responsibility transferred to US ISSN Center 13/11/2014.
=CAT  \\$a10806$b40$c20130709$lBLL01$h1424
=CAT  \\$a11315$b40$c20140102$lBLL01$h1423
=CAT  \\$a11316$b40$c20140407$lBLL01$h1222
=CAT  \\$a11313$b40$c20140717$lBLL01$h0858
=CAT  \\$a11313$b40$c20140819$lBLL01$h1129
=CAT  \\$a11313$b40$c20140911$lBLL01$h1140
=CAT  \\$a10806$b40$c20141001$lBLL01$h1538
=CAT  \\$a11316$b40$c20141113$lBLL01$h1412
=CAT  \\$a10806$b40$c20141117$lBLL01$h1011
=CAT  \\$a10806$b40$c20141117$lBLL01$h1012
=FIN  \\$aY$d20140407
=FMT  \\$a  SE
=LAS  \\$a10806$b40$c20141117$lBLL01$h1012
=LET  \0$aIOP concise physics (Electronic)

