=LDR  01780cas a22004097i 4500
=001  016456088
=003  Uk
=005  20230612111809.0
=006  m\\\\\\\\d\|\\\\\\
=007  cr||||||||||||
=008  130722c20139999nz\tr\p\o\\\\\0\\\a0eng\\
=022  \\$a2053-2377
=040  \\$aUk$beng$cUk$erda
=222  \0$aInternational journal of occupational health & public health nursing$b(Online)
=245  00$aInternational journal of occupational health & public health nursing.
=246  3\$aInternational journal of occupational health and public health nursing
=246  13$aIJOHPHN
=264  \1$aLondon :$bScienpress Ltd
=264  31$aChristchurch, New Zealand :$bScientific Press International Limited
=310  \\$aThree times a year
=336  \\$atext$2rdacontent
=337  \\$acomputer$2rdamedia
=338  \\$aonline resource$2rdacarrier
=588  \\$aLatest issue consulted: volume 8, issue 1 (2022) (Scientific Press International Limited website, viewed June 12, 2023).
=776  08$iAlso issued in print as:$tInternational journal of occupational health & public health nursing$x2053-2369
=856  4\$uhttp://www.scienpress.com/journal_focus.asp?Main_Id=86
=985  \\$aISSN title from journal home page; viewed December 5, 2014.
=985  \\$aISSN RDA COMPLETION - TO BE CATALOGUED BY RDA TRAINED CATALOGUERS.
=985  \\$aISSN responsibility transferred from UK to NZ (12/06/23)
=CAT  \\$a10973$b40$c20130722$lBLL01$h0930
=CAT  \\$a11205$b40$c20141205$lBLL01$h1354
=CAT  \\$a10806$b40$c20230612$lBLL01$h0959
=CAT  \\$a10806$b40$c20230612$lBLL01$h1118
=FIN  \\$aY$d20141205
=FMT  \\$a  SE
=LAS  \\$a10806$b40$c20230612$lBLL01$h1118
=LET  \0$aInternational journal of occupational health & public health nursing (Electronic)

