=LDR  02758cas a22006497i 4500
=001  016593304
=003  Uk
=005  20211231173407.0
=007  ta
=008  140102c20149999cau\x\m\\\\\\\0\\\a0eng\\
=022  0\$a2054-7307
=040  \\$aUk$beng$cUk$erda
=222  \0$aIOP concise physics$b(Print)
=245  00$aIOP concise physics.
=246  3\$aInstitute of Physics concise physics
=264  \1$aSan Rafael, CA :$bMorgan & Claypool Publishers
=310  \\$aIrregular
=336  \\$atext$2rdacontent
=337  \\$aunmediated$2rdamedia
=338  \\$avolume$2rdacarrier
=540  \\$aCurrent Copyright Fee: GBP2.96$c0$5Uk
=776  08$iAlso issued online as:$tIOP concise physics$x2053-2571
=985  \\$aISSN UK: minimal record based on: "Guide through the nanocarbon jungle: buckyballs, nanotubes, graphene and beyond", (ISBN 978-1-62705-273-3).
=985  \\$aISSN responsibility transferred to US ISSN Center 13/11/2014.
=985  \\$aISSN ONLY RECORD - PLEASE TREAT INDIVIDUAL VOLUMES AS MONOGRAPHS
=ACF  \\$aPrevious Copyright Fee: GBP6.15$c0$e01-jul-2019$fGBP6.15$g0$hC$5Uk
=ACF  \\$aPrevious Copyright Fee: GBP6.40$c0$e01-oct-2019$fGBP6.40$g0$hC$5Uk
=ACF  \\$aPrevious Copyright Fee: GBP6.15$c0$e01-apr-2020$fGBP6.15$g0$hC$5Uk
=ACF  \\$aPrevious Copyright Fee: GBP6.40$c0$e01-jul-2020$fGBP6.40$g0$hC$5Uk
=ACF  \\$aPrevious Copyright Fee: GBP5.76$c0$e01-jul-2021$fGBP5.76$g0$hC$5Uk
=CAT  \\$a11315$b40$c20140102$lBLL01$h1422
=CAT  \\$a11315$b40$c20140102$lBLL01$h1438
=CAT  \\$a11316$b40$c20140407$lBLL01$h1224
=CAT  \\$a11313$b40$c20140819$lBLL01$h1129
=CAT  \\$a11313$b40$c20140911$lBLL01$h1139
=CAT  \\$a11316$b40$c20141113$lBLL01$h1414
=CAT  \\$a10806$b40$c20141117$lBLL01$h1006
=CAT  \\$aBATCH-CLA$b00$c20190531$lBLL01$h1623
=CAT  \\$aIPL-CLA$c20190630$lBLL01$h1547
=CAT  \\$aBATCH-CLA$b00$c20190909$lBLL01$h1718
=CAT  \\$aIPL-CLA$c20190930$lBLL01$h1653
=CAT  \\$aBATCH-CLA$b00$c20200228$lBLL01$h1635
=CAT  \\$aIPL-CLA$c20200331$lBLL01$h1630
=CAT  \\$aBATCH-CLA$b00$c20200529$lBLL01$h1533
=CAT  \\$aIPL-CLA$c20200701$lBLL01$h0116
=CAT  \\$aBATCH-CLA$b00$c20210528$lBLL01$h1527
=CAT  \\$aIPL-CLA$c20210704$lBLL01$h1125
=CAT  \\$aBATCH-CLA$b00$c20210917$lBLL01$h1605
=CAT  \\$aIPL-CLA$c20210930$lBLL01$h1657
=CAT  \\$aBATCH-CLA$b00$c20211203$lBLL01$h0817
=CAT  \\$aIPL-CLA$c20211231$lBLL01$h1734
=CFI  0\$aCurrent Copyright Fee: GBP2.96$c0$e01-jan-2022$fGBP2.96$g0$hC$5Uk
=CFI  2\$aPrevious Copyright Fee: GBP5.68$c0$e01-oct-2021$fGBP5.68$g0$hC$5Uk
=FIN  \\$aY$d20141117
=FMT  \\$a  SE
=LAS  \\$aIPL-CLA$b00$c20211231$lBLL01$h1734
=LET  \0$aIOP concise physics (Print)

