=LDR  01583 as a22003617i 4500
=001  016602434
=003  Uk
=005  20170929164029.0
=006  m\\\\\\\\d\|\\\\\\
=007  cr||||||||||||
=008  140114c19749999enk\x\m\o\\\\\0\\\a0eng\\
=022  0\$a2054-6610
=040  \\$aUk$beng$cUk$erda
=222  \0$aSpecial publication ... of the International Association of Sedimentologists$b(Online)
=245  00$aSpecial publication ... of the International Association of Sedimentologists.
=246  13$aSpecial publication of the IAS
=264  \1$aOxford :$bBlackwell Scientific Publications
=264  31$aOxford :$bWiley-Blackwell
=310  \\$aIrregular
=336  \\$atext$2rdacontent
=337  \\$acomputer$2rdamedia
=338  \\$aonline resource$2rdacarrier
=588  \\$aDescription based on: Number 1 (1975); viewed January 14 2014.
=776  08$iAlso issued in print as:$tSpecial publication ... of the International Association of Sedimentologists$x0141-3600
=856  40$uhttp://eu.wiley.com/WileyCDA/Section/id-403971.html?sort=DATE&sortDirection=DESC&page=1
=985  \\$aISSN RDA COMPLETION - TO BE CATALOGUED BY RDA TRAINED CATALOGUERS.
=985  \\$aISSN responsibility transferred to U.S. ISSN Center from ISSN UK Centre, Wiley, Multinational Publisher List, Summer 2017.
=CAT  \\$a11313$b40$c20140114$lBLL01$h0920
=CAT  \\$a11205$b40$c20170929$lBLL01$h1640
=FIN  \\$aY$d20140114
=FMT  \\$a  SE
=LAS  \\$a11205$b40$c20170929$lBLL01$h1640
=LET  \0$aSpecial publication ... of the International Association of Sedimentologists (Electronic)

