=LDR  03347cas a22007817i 4500
=001  016611458
=003  Uk
=005  20221231145224.0
=007  ta
=008  140128c20159999enkar\p\\\\\\\0\\\a0eng\\
=022  0\$a2054-9547
=040  \\$aUk$beng$cUk$erda
=222  \0$aGlobal food history$b(Print)
=245  00$aGlobal food history.
=264  \1$a[London] :$bBloomsbury,$c2015-
=264  31$a[Abingdon] :$bRoutledge, Taylor & Francis Group
=310  \\$aAnnual
=336  \\$atext$2rdacontent
=337  \\$aunmediated$2rdamedia
=338  \\$avolume$2rdacarrier
=362  0\$aVolume 1, issue 1 (Sept. 2015)-
=540  \\$aCurrent copyright fee: GBP37.00$c2\0$5Uk
=588  \\$aLatest issue consulted: volume 3, issue 1 (March 2017).
=776  0\$iAlso issued online as:$tGlobal food history$x2054-9555
=856  \\$31850-9999$uhttp://www.tandfonline.com/$xBLDSS
=945  \\$aGlobal food history.
=979  \\$aBritish Library$bDSC$j4195.400100N
=985  \\$aISSN responsibility transferred from ISSN UK Centre to U.S. ISSN Center Taylor & Francis, Multinational Publisher List, Summer 2016
=985  \\$aMinimal record created using PDF scans provided by IC (Richard, 31/05/17)
=985  \\$aRecord updated using PDF scans provided by IC (Richard, 31/05/17)
=ACF  \\$aPrevious Copyright Fee: GBP29.90$c0$e01-jan-2016$fGBP29.90$g0$hC$5Uk
=ACF  \\$aPrevious copyright fee: GBP26.00$c2\0$e09-mar-2016$fGBP26.00$g0$hP$5Uk
=ACF  \\$aPrevious copyright fee: GBP28.00$c2\0$e01-jan-2017$fGBP28.00$g0$hP$5Uk
=ACF  \\$aPrevious copyright fee: GBP30.00$c2\0$e01-jan-2018$fGBP30.00$g0$hP$5Uk
=ACF  \\$aPrevious copyright fee: GBP32.00$c2\0$e01-jan-2019$fGBP32.00$g0$hP$5Uk
=ACF  \\$aPrevious copyright fee: GBP34.00$c2\0$e01-jan-2020$fGBP34.00$g0$hP$5Uk
=CAT  \\$a10973$b40$c20140128$lBLL01$h1009
=CAT  \\$aBATCH-CLA$b00$c20151127$lBLL01$h1628
=CAT  \\$aIPL-CLA$c20151231$lBLL01$h1935
=CAT  \\$a5552$b40$c20160309$lBLL01$h1230
=CAT  \\$aBLDSS-3PM$b00$c20160317$lBLL01$h1142
=CAT  \\$aBATCH-UPD$b00$c20160413$lBLL01$h1827
=CAT  \\$aW1607-0553$c20160818$lBLL01$h0911
=CAT  \\$aW1607-0553$c20160818$lBLL01$h0915
=CAT  \\$aBATCH-UPD$b00$c20160818$lBLL01$h0956
=CAT  \\$aBATCH-UPD$b00$c20161122$lBLL01$h1515
=CAT  \\$aIPL-CLA$c20161231$lBLL01$h0015
=CAT  \\$a5552$b40$c20170201$lBLL01$h1420
=CAT  \\$a10806$b40$c20170531$lBLL01$h1551
=CAT  \\$a10806$b40$c20170531$lBLL01$h1555
=CAT  \\$aBATCH-UPD$b40$c20171121$lBLL01$h1650
=CAT  \\$aIPL-CLA$c20171231$lBLL01$h1822
=CAT  \\$aBATCH-UPD$b00$c20181217$lBLL01$h1641
=CAT  \\$aIPL-CLA$c20181231$lBLL01$h1553
=CAT  \\$aBATCH-UPD$b00$c20191122$lBLL01$h1903
=CAT  \\$aIPL-CLA$c20191231$lBLL01$h2037
=CAT  \\$aBATCH-UPD$b00$c20201118$lBLL01$h1336
=CAT  \\$aIPL-CLA$c20201231$lBLL01$h1532
=CAT  \\$aBATCH-UPD$b00$c20221121$lBLL01$h1350
=CAT  \\$aIPL-CLA$c20221231$lBLL01$h1452
=CFI  0\$aCurrent copyright fee: GBP37.00$c2\0$e01-jan-2023$fGBP37.00$g0$hP$5Uk
=CFI  2\$aPrevious copyright fee: GBP35.00$c2\0$e01-jan-2021$fGBP35.00$g0$hP$5Uk
=FFP  \\$aY$bBLDSS-3PM
=FIN  \\$aY$d20170531
=FMT  \\$a  SE
=LAS  \\$aIPL-CLA$b00$c20221231$lBLL01$h1452
=LET  \0$aGlobal food history (Print)
=TOC  \\$aETOC

