=LDR  03088cas a22007338i 4500
=001  016648692
=003  Uk
=005  20221231232718.0
=007  ta
=008  140311c20159999enkar\p\\\\\\\0\\\a0eng\\
=022  0\$a2055-1940
=040  \\$aUk$beng$cUk$erda
=222  \0$aSound studies$b(Print)
=245  00$aSound studies.
=263  \\$a201509
=264  \1$aLondon :$bBloomsbury Publishing
=310  \\$aAnnual
=336  \\$atext$2rdacontent
=337  \\$aunmediated$2rdamedia
=338  \\$avolume$2rdacarrier
=540  \\$aCurrent copyright fee: GBP37.00$c2\0$5Uk
=856  \\$31850-9999$uhttp://www.tandfonline.com/$xBLDSS
=945  \\$aSound studies.
=979  \\$aBritish Library$bDSC$j8330.919500N
=985  \\$aISSN UK Centre note: See online version (ISSN 2055-1959), please add 776 to both records on completion.
=985  \\$aISSN responsibility transferred from ISSN UK Centre to U.S. ISSN Center Taylor & Francis, Multinational Publisher List, Summer 2016
=ACF  \\$aPrevious Copyright Fee: GBP29.90$c0$e01-jan-2016$fGBP29.90$g0$hC$5Uk
=ACF  \\$aPrevious copyright fee: GBP26.00$c2\0$e14-mar-2016$fGBP26.00$g0$hP$5Uk
=ACF  \\$aPrevious copyright fee: GBP28.00$c2\0$e01-jan-2017$fGBP28.00$g0$hP$5Uk
=ACF  \\$aPrevious copyright fee: GBP30.00$c2\0$e01-jan-2018$fGBP30.00$g0$hP$5Uk
=ACF  \\$aPrevious copyright fee: GBP32.00$c2\0$e01-jan-2019$fGBP32.00$g0$hP$5Uk
=ACF  \\$aPrevious copyright fee: GBP34.00$c2\0$e01-jan-2020$fGBP34.00$g0$hP$5Uk
=CAT  \\$a10806$b40$c20140311$lBLL01$h1350
=CAT  \\$aBATCH-CLA$b00$c20151127$lBLL01$h1630
=CAT  \\$aIPL-CLA$c20151231$lBLL01$h1935
=CAT  \\$a11316$b40$c20160208$lBLL01$h1450
=CAT  \\$a10973$b40$c20160212$lBLL01$h1051
=CAT  \\$a5552$b40$c20160314$lBLL01$h1124
=CAT  \\$aBLDSS-3PM$b00$c20160322$lBLL01$h1621
=CAT  \\$aBATCH-UPD$b00$c20160413$lBLL01$h1827
=CAT  \\$aW1607-0553$c20160818$lBLL01$h0911
=CAT  \\$aW1607-0553$c20160818$lBLL01$h0915
=CAT  \\$aBATCH-UPD$b00$c20160818$lBLL01$h0956
=CAT  \\$a11313$b40$c20160913$lBLL01$h1052
=CAT  \\$aBATCH-UPD$b40$c20161122$lBLL01$h1515
=CAT  \\$aIPL-CLA$c20161231$lBLL01$h0016
=CAT  \\$a5552$b40$c20170124$lBLL01$h0928
=CAT  \\$a5410$b40$c20170124$lBLL01$h1432
=CAT  \\$aBATCH-UPD$b40$c20171121$lBLL01$h1650
=CAT  \\$aIPL-CLA$c20171231$lBLL01$h1823
=CAT  \\$aBATCH-UPD$b00$c20181217$lBLL01$h1641
=CAT  \\$aIPL-CLA$c20181231$lBLL01$h1553
=CAT  \\$aBATCH-UPD$b00$c20191122$lBLL01$h1903
=CAT  \\$aIPL-CLA$c20191231$lBLL01$h2037
=CAT  \\$aBATCH-UPD$b00$c20201118$lBLL01$h1336
=CAT  \\$aIPL-CLA$c20201231$lBLL01$h2340
=CAT  \\$aBATCH-UPD$b00$c20221121$lBLL01$h1350
=CAT  \\$aIPL-CLA$c20221231$lBLL01$h2327
=CFI  0\$aCurrent copyright fee: GBP37.00$c2\0$e01-jan-2023$fGBP37.00$g0$hP$5Uk
=CFI  2\$aPrevious copyright fee: GBP35.00$c2\0$e01-jan-2021$fGBP35.00$g0$hP$5Uk
=FFP  \\$aY$bBLDSS-3PM
=FMT  \\$a  SE
=LAS  \\$aIPL-CLA$b00$c20221231$lBLL01$h2327
=LET  \0$aSound studies (Print)

