=LDR  03250cas a22007338i 4500
=001  016713007
=003  Uk
=005  20221231232812.0
=007  ta
=008  140513c20159999enkfr\p\\\\\\\0\\\a0eng\\
=022  0\$a2055-7132
=040  \\$aUk$beng$cUk$erda
=222  \0$aCommunication design$b(Print)
=245  00$aCommunication design :$binterdisciplinary and graphic design research.
=263  \\$a201505
=264  \1$aAbingdon :$bRoutledge, Taylor & Francis Group
=310  \\$aSemiannual
=336  \\$atext$2rdacontent
=337  \\$aunmediated$2rdamedia
=338  \\$avolume$2rdacarrier
=540  \\$aCurrent copyright fee: GBP37.00$c2\0$5Uk
=856  \\$31850-9999$uhttp://www.tandfonline.com/$xBLDSS
=945  \\$aCommunication design -Abingdon-.
=979  \\$aBritish Library$bDSC$j3359.737000N
=985  \\${dollar}aISSN UK note: Change of title from 'Iridescent' (Print ISSN 2224-963X, Online ISSN 1923-5003, International Centre responsibility)
=985  \\$aPlease add link to online version on completion (ISSN 2055-7140)
=985  \\$aISSN responsibility transferred from ISSN UK Centre to U.S. ISSN Center Taylor & Francis, Multinational Publisher List, Summer 2016
=ACF  \\$aPrevious Copyright Fee: GBP29.90$c0$e01-jan-2016$fGBP29.90$g0$hC$5Uk
=ACF  \\$aPrevious copyright fee: GBP26.00$c2\0$e07-mar-2016$fGBP26.00$g0$hP$5Uk
=ACF  \\$aPrevious copyright fee: GBP28.00$c2\0$e01-jan-2017$fGBP28.00$g0$hP$5Uk
=ACF  \\$aPrevious copyright fee: GBP30.00$c2\0$e01-jan-2018$fGBP30.00$g0$hP$5Uk
=ACF  \\$aPrevious copyright fee: GBP32.00$c2\0$e01-jan-2019$fGBP32.00$g0$hP$5Uk
=ACF  \\$aPrevious copyright fee: GBP34.00$c2\0$e01-jan-2020$fGBP34.00$g0$hP$5Uk
=CAT  \\$a10806$b40$c20140513$lBLL01$h1143
=CAT  \\$a10806$b40$c20140513$lBLL01$h1201
=CAT  \\$aBATCH-CLA$b00$c20151127$lBLL01$h1629
=CAT  \\$aIPL-CLA$c20151231$lBLL01$h1936
=CAT  \\$a5552$b40$c20160307$lBLL01$h1530
=CAT  \\$aBLDSS-3PM$b00$c20160317$lBLL01$h1142
=CAT  \\$aBATCH-UPD$b00$c20160413$lBLL01$h1828
=CAT  \\$a10806$b40$c20160525$lBLL01$h1448
=CAT  \\$a10806$b40$c20160525$lBLL01$h1524
=CAT  \\$aW1607-0553$c20160818$lBLL01$h0911
=CAT  \\$aW1607-0553$c20160818$lBLL01$h0915
=CAT  \\$aBATCH-UPD$b00$c20161122$lBLL01$h1515
=CAT  \\$a5552$b40$c20161222$lBLL01$h1523
=CAT  \\$aIPL-CLA$c20161231$lBLL01$h0017
=CAT  \\$a5410$b40$c20170317$lBLL01$h1539
=CAT  \\$aBATCH-UPD$b40$c20171121$lBLL01$h1650
=CAT  \\$aIPL-CLA$c20171231$lBLL01$h1824
=CAT  \\$aBATCH-UPD$b00$c20181217$lBLL01$h1641
=CAT  \\$aIPL-CLA$c20181231$lBLL01$h1554
=CAT  \\$aBATCH-UPD$b00$c20191122$lBLL01$h1903
=CAT  \\$aIPL-CLA$c20191231$lBLL01$h2038
=CAT  \\$aBATCH-UPD$b00$c20201118$lBLL01$h1336
=CAT  \\$aIPL-CLA$c20201231$lBLL01$h2341
=CAT  \\$aBATCH-UPD$b00$c20221121$lBLL01$h1350
=CAT  \\$aIPL-CLA$c20221231$lBLL01$h2328
=CFI  0\$aCurrent copyright fee: GBP37.00$c2\0$e01-jan-2023$fGBP37.00$g0$hP$5Uk
=CFI  2\$aPrevious copyright fee: GBP35.00$c2\0$e01-jan-2021$fGBP35.00$g0$hP$5Uk
=FFP  \\$aY$bBLDSS-3PM
=FMT  \\$a  SE
=LAS  \\$aIPL-CLA$b00$c20221231$lBLL01$h2328
=LET  \0$aCommunication design (Print)

