=LDR  01202 as a22003377i 4500
=001  016713344
=003  Uk
=005  20170907163022.0
=006  m\\\\\\\\d\|\\\\\\
=007  cr||||||||||||
=008  140513c20129999enkqr\p\o\\\\\0\\\a0eng\\
=022  0\$a2055-6101
=040  \\$aUk$beng$cUk$erda
=222  \0$aeMagRes
=245  00$aeMagRes.
=264  \1$a[Oxford] :$bJohn Wiley & Sons
=310  \\$aQuarterly
=336  \\$atext$2rdacontent
=337  \\$acomputer$2rdamedia
=338  \\$aonline resource$2rdacarrier
=780  00$tEncyclopedia of magnetic resonance
=856  40$uhttp://onlinelibrary.wiley.com/book/10.1002/9780470034590$zLogin may be required
=985  \\$aISSN description based on: title from journal home page; viewed May 13 2014.
=985  \\$aISSN RDA COMPLETION - TO BE CATALOGUED BY RDA TRAINED CATALOGUERS.
=985  \\$aISSN responsibility transferred to U.S. ISSN Center from ISSN UK Centre, Wiley, Multinational Publisher List, Summer 2017
=CAT  \\$a11313$b40$c20140513$lBLL01$h1625
=CAT  \\$a11313$b40$c20140514$lBLL01$h0912
=CAT  \\$a10806$b40$c20170907$lBLL01$h1630
=FIN  \\$aY$d20140513
=FMT  \\$a  SE
=LAS  \\$a10806$b40$c20170907$lBLL01$h1630

