=LDR  01845aas a2200517 i 4500
=001  016723628
=003  Uk
=005  20160126104836.0
=007  ta
=008  140520c20139999sp\ar\p\\\\\\\0\\\a0eng\\
=015  \\$aGBB578716$2bnb
=022  0\$a2243-4712
=040  \\$aUk$beng$cUk$erda
=042  \\$aukblsr
=082  04$a410.188$223
=210  0\$aRes. corpus linguist.
=222  \0$aResearch in corpus linguistics
=245  00$aResearch in corpus linguistics.
=246  3\$aRiCL
=264  \1$aTortola, British Virgin Islands :$bAcademy Publisher,$c2013-
=264  31$aMurcia, Spain :$bAsociacion Espanola de Linguistica de Corpus
=300  \\$billustrations (black and white) ;$c29 cm
=310  \\$aAnnual
=336  \\$atext$2rdacontent
=337  \\$aunmediated$2rdamedia
=338  \\$avolume$2rdacarrier
=362  0\$aIssue 1 (2013)-
=650  \0$aCorpora (Linguistics)$vPeriodicals.
=710  2\$aAsociacion Espanola de Linguistica de Corpus,$eissuing body.
=985  \\$aISSN description based on: issue 1 (2013)
=985  \\$aISSN responsibility transferred from ISSN Finland to ISSN UK, 20/05/14.
=985  \\$aISSN responsibility transferred from ISSN UK to ISSN Spain, 26/01/16.
=CAT  \\$a10806$b40$c20140520$lBLL01$h1333
=CAT  \\$a10806$b40$c20140520$lBLL01$h1336
=CAT  \\$a10806$b40$c20140520$lBLL01$h1337
=CAT  \\$a10806$b40$c20140520$lBLL01$h1340
=CAT  \\$a8871$b40$c20150507$lBLL01$h0912
=CAT  \\$aBATCH-UPD$b40$c20150512$lBLL01$h2038
=CAT  \\$a8124$b40$c20150617$lBLL01$h1011
=CAT  \\$a8124$b40$c20150617$lBLL01$h1012
=CAT  \\$a8871$b40$c20150618$lBLL01$h1129
=CAT  \\$aBATCH-UPD$b40$c20150621$lBLL01$h2104
=CAT  \\$a11313$b40$c20160126$lBLL01$h1048
=FIN  \\$aY$d20140520
=FMT  \\$a  SE
=LAS  \\$a11313$b40$c20160126$lBLL01$h1048

