=LDR  04718cas a2201045 i 4500
=001  016740187
=003  Uk
=005  20221231145245.0
=007  ta
=008  140613c20159999enkfr\p\\\\\\\0\\\a0eng\\
=015  \\$aGBB581991$2bnb
=022  0\$a2056-3035
=040  \\$aUk$beng$cUk$dUk$dUk$erda
=042  \\$aukblsr
=082  04$a944.03$223
=222  \0$aEarly modern French studies$b(Print)
=245  00$aEarly modern French studies.
=264  \1$aLeeds :$bManey Publishing for the Society for Seventeenth-Century French Studies,$c[2015]-
=264  31$a[Abingdon, Oxon] :$bRoutledge, Taylor & Francis Group
=300  \\$billustrations (black and white) ;$c25 cm
=310  \\$aSemiannual
=336  \\$atext$2rdacontent
=337  \\$aunmediated$2rdamedia
=338  \\$avolume$2rdacarrier
=362  0\$aVolume 37, number 1 (2015)-
=540  \\$aCurrent copyright fee: GBP37.00$c2\0$5Uk
=588  \\$aLatest issue consulted: volume 38, number 2 (2016).
=648  \7$a1328-1799$2fast
=650  \0$aFrench literature$y16th century$xHistory and criticism$vPeriodicals.
=650  \0$aFrench literature$y17th century$xHistory and criticism$vPeriodicals.
=650  \0$aFrench literature$y18th century$xHistory and criticism$vPeriodicals.
=650  \7$aCivilization.$2fast$0(OCoLC)fst00862898
=650  \7$aFrench literature.$2fast$0(OCoLC)fst00934688
=651  \0$aFrance$xCivilization$y1328-1600$vPeriodicals.
=651  \0$aFrance$xCivilization$y17th century$vPeriodicals.
=651  \0$aFrance$xCivilization$y18th century$vPeriodicals.
=651  \7$aFrance.$2fast$0(OCoLC)fst01204289
=655  \7$aCriticism, interpretation, etc.$2fast$0(OCoLC)fst01411635
=655  \7$aPeriodicals.$2fast$0(OCoLC)fst01411641
=710  2\$aSociety for Seventeenth-Century French Studies,$eissuing body.
=776  08$iAlso issued online as:$tEarly modern French studies$x2056-3043
=780  00$tSeventeenth-century French studies$x0265-1068
=856  \\$31850-9999$uhttp://www.tandfonline.com/$xBLDSS
=945  \\$aEarly modern French studies.
=979  \\$aBritish Library$bDSC$j3642.990900N
=985  \\$aISSN completed from vol. 37, no, 1
=985  \\$aISSN responsibility transferred to U.S. Center, 12/1/2017.
=ACF  \\$aPrevious Copyright Fee: GBP29.90$c0$e01-jan-2016$fGBP29.90$g0$hC$5Uk
=ACF  \\$aPrevious Copyright Fee: GBP22.00$c0$e01-jan-2015$fGBP22.00$g0$hC$5Uk
=ACF  \\$aPrevious copyright fee: GBP26.00$c2\0$e20-jan-2016$fGBP26.00$g0$hP$5Uk
=ACF  \\$aPrevious copyright fee: GBP28.00$c2\0$e01-jan-2017$fGBP28.00$g0$hP$5Uk
=ACF  \\$aPrevious copyright fee: GBP30.00$c2\0$e01-jan-2018$fGBP30.00$g0$hP$5Uk
=ACF  \\$aPrevious copyright fee: GBP32.00$c2\0$e01-jan-2019$fGBP32.00$g0$hP$5Uk
=ACF  \\$aPrevious copyright fee: GBP34.00$c2\0$e01-jan-2020$fGBP34.00$g0$hP$5Uk
=CAT  \\$a11315$b40$c20140613$lBLL01$h0910
=CAT  \\$a8124$b40$c20150624$lBLL01$h1200
=CAT  \\$a10973$b40$c20150917$lBLL01$h1557
=CAT  \\$aBATCH-CLA$b00$c20151127$lBLL01$h1629
=CAT  \\$aIPL-CLA$c20151231$lBLL01$h1936
=CAT  \\$a5552$b40$c20160120$lBLL01$h1154
=CAT  \\$aBLDSS-3PM$b00$c20160201$lBLL01$h1812
=CAT  \\$aBATCH-UPD$b00$c20160413$lBLL01$h1828
=CAT  \\$a8483$b40$c20160913$lBLL01$h1017
=CAT  \\$aBATCH-UPD$b40$c20161122$lBLL01$h1515
=CAT  \\$a11205$b40$c20161223$lBLL01$h0921
=CAT  \\$aIPL-CLA$c20161231$lBLL01$h0017
=CAT  \\$a11205$b40$c20170112$lBLL01$h1510
=CAT  \\$a3072$b40$c20170130$lBLL01$h1537
=CAT  \\$a3072$b40$c20170130$lBLL01$h1539
=CAT  \\$a5552$b40$c20170201$lBLL01$h1052
=CAT  \\$aBATCH-UPD$b40$c20171121$lBLL01$h1650
=CAT  \\$aIPL-CLA$c20171231$lBLL01$h1824
=CAT  \\$aBATCH-UPD$b00$c20181217$lBLL01$h1641
=CAT  \\$aIPL-CLA$c20181231$lBLL01$h1554
=CAT  \\$aBATCH-UPD$b00$c20191122$lBLL01$h1903
=CAT  \\$aIPL-CLA$c20191231$lBLL01$h2038
=CAT  \\$aBATCH-UPD$b00$c20201118$lBLL01$h1336
=CAT  \\$aIPL-CLA$c20201231$lBLL01$h1533
=CAT  \\$aBATCH-UPD$b00$c20221121$lBLL01$h1350
=CAT  \\$aIPL-CLA$c20221231$lBLL01$h1452
=CFI  0\$aCurrent copyright fee: GBP37.00$c2\0$e01-jan-2023$fGBP37.00$g0$hP$5Uk
=CFI  2\$aPrevious copyright fee: GBP35.00$c2\0$e01-jan-2021$fGBP35.00$g0$hP$5Uk
=FFP  \\$aY$bBLDSS-3PM
=FIN  \\$aY$d20150624
=FMT  \\$a  SE
=LAS  \\$aIPL-CLA$b00$c20221231$lBLL01$h1452
=LET  \0$aEarly modern French studies (Print)
=LKR  \\$aPAR$b011188050$lBLL01$nSeventeenth-century French studies$mEarly modern French studies$r78000
=LKR  \\$aPAR$b016740188$lBLL01$nEarly modern French studies (Online)$mEarly modern French studies (Print)$r776
=TOC  \\$aETOC

