=LDR  01814cas a22004217i 4500
=001  016740347
=003  Uk
=005  20230421080613.0
=006  m\\\\\\\\d\|\\\\\\
=007  cr||||||||||||
=008  140613c20169999enkqr\p\o\\\\\0\\\a0eng\\
=022  0\$a2056-3280
=040  \\$aUk$beng$cUk$erda
=210  0\$aInt. j. energy prod. manag.$b(Online)
=222  \0$aInternational journal of energy production and management$b(Online)
=245  00$aInternational journal of energy production and management.
=264  \1$aSouthampton :$bWIT Press
=310  \\$aQuarterly
=336  \\$atext$2rdacontent
=337  \\$acomputer$2rdamedia
=338  \\$aonline resource$2rdacarrier
=500  \\$aFrom WIT Press website "Co-publication with the Ural Federal University" (viewed June 26, 2015).
=588  \\$aISSN description based on: volume 1, issue 1 (30/06/2015) ; title from journal homepage (publisher's Web site viewed June 26, 2015)
=710  2\$aUralskii federalnyi universitet imeni pervogo Prezidenta Rossii B.N. Eltsina.
=776  0\$tInternational journal of energy production and management$c(Print)$x2056-3272
=856  4\$uhttp://www.witpress.com/journals/eq$xOA-J
=985  \\$aISSN UK Centre note: ROAD OA
=985  \\$aISSN responsibility transferred to ISSN Canada (21/04/23). Published by IIETA (Canada) from 2023.
=CAT  \\$a10973$b40$c20140613$lBLL01$h1423
=CAT  \\$a10973$b40$c20150616$lBLL01$h1311
=CAT  \\$a7152$b40$c20150626$lBLL01$h1558
=CAT  \\$a10806$b40$c20150721$lBLL01$h1436
=CAT  \\$a10806$b40$c20230403$lBLL01$h0832
=CAT  \\$a10806$b40$c20230421$lBLL01$h0806
=FIN  \\$aY$d20150626
=FMT  \\$a  SE
=LAS  \\$a10806$b40$c20230421$lBLL01$h0806
=LET  \0$aInternational journal of energy production and management (Electronic)

