=LDR  03036cas a22006978i 4500
=001  016803707
=003  Uk
=005  20221231232937.0
=007  ta
=008  140730c20159999enkar\p\\\\\\\0\\\a0eng\\
=022  0\$a2056-6093
=040  \\$aUk$beng$cUk$erda
=222  \0$aJournal of religious and political practice$b(Print)
=245  00$aJournal of religious and political practice.
=263  \\$a201509
=264  \1$aLondon :$bBloomsbury Publishing
=310  \\$aAnnual
=336  \\$atext$2rdacontent
=337  \\$aunmediated$2rdamedia
=338  \\$avolume$2rdacarrier
=540  \\$aCurrent copyright fee: GBP37.00$c2\0$5Uk
=776  08$iAlso issued online as:$tJournal of religious and political practice$x2056-6107
=856  \\$31850-9999$uhttp://www.tandfonline.com/$xBLDSS
=945  \\$aJournal of religious and political practice.
=979  \\$aBritish Library$bDSC$j5049.352600N
=985  \\$aISSN responsibility transferred from ISSN UK Centre to U.S. ISSN Center Taylor & Francis, Multinational Publisher List, Summer 2016
=ACF  \\$aPrevious Copyright Fee: GBP29.90$c0$e01-jan-2016$fGBP29.90$g0$hC$5Uk
=ACF  \\$aPrevious copyright fee: GBP26.00$c2\0$e10-mar-2016$fGBP26.00$g0$hP$5Uk
=ACF  \\$aPrevious copyright fee: GBP28.00$c2\0$e01-jan-2017$fGBP28.00$g0$hP$5Uk
=ACF  \\$aPrevious copyright fee: GBP30.00$c2\0$e01-jan-2018$fGBP30.00$g0$hP$5Uk
=ACF  \\$aPrevious copyright fee: GBP32.00$c2\0$e01-jan-2019$fGBP32.00$g0$hP$5Uk
=ACF  \\$aPrevious copyright fee: GBP34.00$c2\0$e01-jan-2020$fGBP34.00$g0$hP$5Uk
=CAT  \\$a11313$b40$c20140730$lBLL01$h1208
=CAT  \\$aBATCH-CLA$b00$c20151127$lBLL01$h1627
=CAT  \\$aIPL-CLA$c20151231$lBLL01$h1936
=CAT  \\$a5552$b40$c20160310$lBLL01$h1358
=CAT  \\$aBLDSS-3PM$b00$c20160317$lBLL01$h1142
=CAT  \\$aBATCH-UPD$b00$c20160413$lBLL01$h1828
=CAT  \\$aW1607-0553$c20160818$lBLL01$h0911
=CAT  \\$aW1607-0553$c20160818$lBLL01$h0915
=CAT  \\$aBATCH-UPD$b00$c20160818$lBLL01$h0957
=CAT  \\$aBATCH-UPD$b00$c20161122$lBLL01$h1515
=CAT  \\$aIPL-CLA$c20161231$lBLL01$h0018
=CAT  \\$a5552$b40$c20170215$lBLL01$h0840
=CAT  \\$a5410$b40$c20170217$lBLL01$h1351
=CAT  \\$aBATCH-UPD$b40$c20171121$lBLL01$h1650
=CAT  \\$aIPL-CLA$c20171231$lBLL01$h1825
=CAT  \\$aBATCH-UPD$b00$c20181217$lBLL01$h1641
=CAT  \\$aIPL-CLA$c20181231$lBLL01$h1554
=CAT  \\$aBATCH-UPD$b00$c20191122$lBLL01$h1903
=CAT  \\$aIPL-CLA$c20191231$lBLL01$h2038
=CAT  \\$aBATCH-UPD$b00$c20201118$lBLL01$h1336
=CAT  \\$aIPL-CLA$c20201231$lBLL01$h2341
=CAT  \\$aBATCH-UPD$b00$c20221121$lBLL01$h1350
=CAT  \\$aIPL-CLA$c20221231$lBLL01$h2329
=CFI  0\$aCurrent copyright fee: GBP37.00$c2\0$e01-jan-2023$fGBP37.00$g0$hP$5Uk
=CFI  2\$aPrevious copyright fee: GBP35.00$c2\0$e01-jan-2021$fGBP35.00$g0$hP$5Uk
=FFP  \\$aY$bBLDSS-3PM
=FMT  \\$a  SE
=LAS  \\$aIPL-CLA$b00$c20221231$lBLL01$h2329
=LET  \0$aJournal of religious and political practice (Print)

