=LDR  01613 as a22003977i 4500
=001  016897168
=003  Uk
=005  20170508094522.0
=006  m\\\\\\\\d\|\\\\\\
=007  cr||||||||||||
=008  141021c19439999si\qr\p\o\\\\\0\\\a0eng\\
=022  0\$a2057-0570
=040  \\$aUk$beng$cUk$erda
=210  0\$aBull. zool. nomencl.$b(Online)
=222  \0$aBulletin of zoological nomenclature$b(Online)
=245  00$aBulletin of zoological nomenclature.
=264  \1$aSingapore :$bInternational Commission on Zoological Nomenclature
=310  \\$aQuarterly
=336  \\$atext$2rdacontent
=337  \\$acomputer$2rdamedia
=338  \\$aonline resource$2rdacarrier
=588  \\$aDescription based on: volume 73, issue 2/4 (March 2017); title from notices and announcements PDF (BioOne, viewed April 27, 2017).
=710  2\$aInternational Commission on Zoological Nomenclature,$eissuing body.
=776  08$iAlso issued in print as:$tBulletin of zoological nomenclature$x0007-5167
=856  40$3Volume 2-volume 64$uhttp://www.biodiversitylibrary.org/bibliography/51603/#/summary
=856  40$3Volume 65-$uhttp://www.bioone.org/loi/bzno
=985  \\$aISSN responsibility transferred to International Centre, 08/05/17.
=CAT  \\$a10806$b40$c20141021$lBLL01$h1010
=CAT  \\$a10806$b40$c20170427$lBLL01$h1414
=CAT  \\$a10806$b40$c20170502$lBLL01$h0954
=CAT  \\$a10806$b40$c20170508$lBLL01$h0944
=CAT  \\$a10806$b40$c20170508$lBLL01$h0945
=FIN  \\$aY$d20170427
=FMT  \\$a  SE
=LAS  \\$a10806$b40$c20170508$lBLL01$h0945
=LET  \0$aBulletin of zoological nomenclature (Electronic)

