=LDR  02675cas a22006017i 4500
=001  017018467
=003  Uk
=005  20221231233217.0
=006  m\\\\\\\\d\|\\\\\\
=007  cr\|||||||||||
=008  150120d19931995enk\x\m\o\\\\\0\\\a0eng\\
=022  0\$a2058-1017
=040  \\$aUk$beng$cUk$erda
=210  0\$aBull. entomol. res. suppl. ser.$b(Online)
=222  \0$aBulletin of entomological research supplement series$b(Online)
=245  00$aBulletin of entomological research supplement series.
=260  \\$aWallingford :$bCAB International
=310  \\$aIrregular
=336  \\$atext$2rdacontent
=337  \\$acomputer$2rdamedia
=338  \\$aonline resource$2rdacarrier
=540  \\$aBritish Library not licensed to copy$c0$5Uk
=588  \\$aDescription based on print version record.
=588  \\$aLatest issue consulted: supplement number 3 (June 1995) (Cambridge Journals, viewed January 20, 2015).
=710  2\$aInternational Institute of Entomology.
=710  2\$aC.A.B. International.
=772  0\$aBulletin of entomological research (Online)$x1475-2670
=776  08$iAlso issued in print as:$tBulletin of entomological research supplement series$x1367-4269
=856  40$uhttp://journals.cambridge.org/action/displayJournal?jid=BES
=945  \\$aBulletin of entomological research supplement series.
=979  \\$aBritish Library$bDSC$j2853.030000
=985  \\$aISSN responsibility transferred to ISSN International Centre as part of a project to transfer all CABI titles to IC responsibility, September 2016.
=985  \\$aISSN RECORD FOR DIGITAL REPRODUCTION.
=ACF  \\$aPrevious copyright fee: GBP30.00$c43\0$e12-dec-2016$fGBP30.00$g0$hP$5Uk
=ACF  \\$aPrevious Copyright Fee: GBP17.50$c0$e01-apr-2019$fGBP17.50$g0$hA$5Uk
=CAT  \\$a11316$b40$c20150120$lBLL01$h1218
=CAT  \\$a11313$b40$c20160905$lBLL01$h0820
=CAT  \\$a5552$b40$c20161212$lBLL01$h1338
=CAT  \\$aBLDSS-3PM$b00$c20161222$lBLL01$h1325
=CAT  \\$aBATCH-UPD$b00$c20161222$lBLL01$h1334
=CAT  \\$aW1902-1304$c20190314$lBLL01$h1242
=CAT  \\$aBATCH-UPD$b00$c20190314$lBLL01$h1620
=CAT  \\$aIPL-CLA$c20190331$lBLL01$h1732
=CAT  \\$aDEL-3PM$c20190409$lBLL01$h0908
=CAT  \\$aBATCH-CLA$b00$c20190621$lBLL01$h1541
=CAT  \\$aIPL-CLA$c20190630$lBLL01$h1548
=CAT  \\$aBATCH-CLA$b00$c20221206$lBLL01$h1743
=CAT  \\$aIPL-CLA$c20221231$lBLL01$h2332
=CFI  0\$aBritish Library not licensed to copy$c0$e01-jan-2023$hC$iCFP Excluded$5Uk
=CFI  2\$aPrevious Copyright Fee: GBP13.00$c0$e01-jul-2019$fGBP13.00$g0$hC$5Uk
=FIN  \\$aY$d20150120
=FMT  \\$a  SE
=LAS  \\$aIPL-CLA$b00$c20221231$lBLL01$h2332

