=LDR  02780cas a22006858i 4500
=001  017048026
=003  Uk
=005  20230930115018.0
=007  ta
=008  150210c20169999enkfr\p\\\\\\\0\\\a0eng\\
=022  0\$a2058-1831
=040  \\$aUk$beng$cUk$erda
=222  \0$aContemporary Levant$b(Print)
=245  00$aContemporary Levant.
=263  \\$a201606
=264  \1$aLeeds :$bManey Publishing
=264  31$aAbingdon :$bTaylor & Francis
=310  \\$aTwo issues yearly
=336  \\$atext$2rdacontent
=337  \\$aunmediated$2rdamedia
=338  \\$avolume$2rdacarrier
=540  \\$aCurrent copyright fee: GBP37.00$c2\0$5Uk
=776  08$iAlso issued online as:$tContemporary Levant$c(Online)$x2058-184X
=856  \\$31850-9999$uhttp://www.tandfonline.com/$xBLDSS
=945  \\$aContemporary Levant.
=979  \\$aBritish Library$bDSC$j3425.190550N
=985  \\$aISSN responsibility transferred to U.S. Center prior to completion 07/11/16
=ACF  \\$aPrevious copyright fee: GBP28.00$c47\0$e01-jan-2017$fGBP28.00$g0$hP$5Uk
=ACF  \\$aPrevious Copyright Fee: GBP26.00$c47\0$e07-mar-2016$fGBP26.00$g0$hP$5Uk
=ACF  \\$aPrevious copyright fee: GBP32.00$c47\0$e11-jan-2019$fGBP32.00$g0$hP$5Uk
=ACF  \\$aPrevious copyright fee: GBP34.00$c47\0$e01-jan-2020$fGBP34.00$g0$hP$5Uk
=ACF  \\$aPrevious copyright fee: GBP35.00$c47\0$e01-jan-2021$fGBP35.00$g0$hP$5Uk
=CAT  \\$a7152$b40$c20150210$lBLL01$h1226
=CAT  \\$a7152$b40$c20150210$lBLL01$h1231
=CAT  \\$aBATCH-CLA$b00$c20160229$lBLL01$h1616
=CAT  \\$a5552$b40$c20160307$lBLL01$h1551
=CAT  \\$aBLDSS-3PM$b00$c20160317$lBLL01$h1142
=CAT  \\$aBATCH-UPD$b00$c20160413$lBLL01$h1828
=CAT  \\$a10806$b40$c20161026$lBLL01$h1410
=CAT  \\$a11205$b40$c20161103$lBLL01$h1634
=CAT  \\$a10806$b40$c20161107$lBLL01$h1158
=CAT  \\$aBATCH-UPD$b40$c20161122$lBLL01$h1543
=CAT  \\$aIPL-CLA$c20161231$lBLL01$h0022
=CAT  \\$a5552$b40$c20170125$lBLL01$h1058
=CAT  \\$a5410$b40$c20170420$lBLL01$h1156
=CAT  \\$a5552$b40$c20190111$lBLL01$h1400
=CAT  \\$aBATCH-UPD$b40$c20191122$lBLL01$h1921
=CAT  \\$aIPL-CLA$c20191231$lBLL01$h2040
=CAT  \\$aBATCH-UPD$b00$c20201118$lBLL01$h1355
=CAT  \\$aIPL-CLA$c20201231$lBLL01$h2343
=CAT  \\$aBATCH-UPD$b00$c20221121$lBLL01$h1430
=CAT  \\$aIPL-CLA$c20221231$lBLL01$h2332
=CAT  \\$aR2308-1440$c20230824$lBLL01$h0930
=CAT  \\$aIPL-CLA$c20230930$lBLL01$h1150
=CFI  0\$aCurrent copyright fee: GBP37.00$c2\0$e01-oct-2023$fGBP37.00$g0$hP$5Uk
=CFI  2\$aPrevious copyright fee: GBP37.00$c47\0$e01-jan-2023$fGBP37.00$g0$hP$5Uk
=FFP  \\$aY$bBLDSS-3PM
=FMT  \\$a  SE
=LAS  \\$aIPL-CLA$b00$c20230930$lBLL01$h1150
=LET  \0$aContemporary Levant (Print)

