=LDR  01412 as a22003977i 4500
=001  017079692
=003  Uk
=005  20160216144835.0
=007  ta
=008  150224c20079999no\ar\\\\\\\\\0\\\b0mul\\
=022  0\$a1902-3545
=040  \\$aUk$beng$cUk$erda
=082  04$a617.6$223
=222  \0$aAktuel nordisk odontologi
=245  00$aAktuel nordisk odontologi.
=264  \1$aKbenhavn :$bMunksgaard
=264  31$aOslo :$bUniversitetsforlaget
=310  \\$aAnnual
=336  \\$atext$2rdacontent
=337  \\$aunmediated$2rdamedia
=338  \\$avolume$2rdacarrier
=776  08$iAlso issued online as:$tAktuel nordisk odontologi$x2058-7538
=780  00$tOdontologi (Kbenhavn)$x0105-0141
=985  \\$aMinimal record based on ISSN Portal record.
=985  \\$aISSN responsibility transferred from ISSN Denmark, February 24, 2015 (Munksgaard listed as multinational publisher @ 24/02/15).
=985  \\$aISSN responsibility transferred from ISSN UK to ISSN Norway, February 16 2016.
=CAT  \\$a10806$b40$c20150224$lBLL01$h1318
=CAT  \\$a10806$b40$c20150224$lBLL01$h1334
=CAT  \\$a10806$b40$c20150224$lBLL01$h1525
=CAT  \\$a10806$b40$c20150302$lBLL01$h1322
=CAT  \\$a10806$b40$c20150309$lBLL01$h1349
=CAT  \\$a11313$b40$c20160216$lBLL01$h1442
=CAT  \\$a11313$b40$c20160216$lBLL01$h1448
=FIN  \\$aY$d20150224
=FMT  \\$a  SE
=LAS  \\$a11313$b40$c20160216$lBLL01$h1448

