=LDR  03629cas a2200853 i 4500
=001  017103602
=003  Uk
=005  20211231173502.0
=007  ta
=008  150309c20159999enkbr\p\\\\\\\0\\\a0eng\\
=015  \\$aGBB5G7391$2bnb
=022  0\$a2058-5349
=040  \\$aUk$beng$cUk$erda
=042  \\$aukblsr
=082  04$a617.96$223
=210  0\$aBJA educ.$b(Print)
=222  \0$aBJA education$b(Print)
=245  00$aBJA education.
=246  3\$aBritish journal of anaesthesia education
=264  \1$aOxford, UK :$bOxford University Press,$c2015-
=300  \\$billustrations (black and white, and colour) ;$c28 cm
=310  \\$aBimonthly
=336  \\$atext$2rdacontent
=337  \\$aunmediated$2rdamedia
=338  \\$avolume$2rdacarrier
=362  0\$aVolume 15, number 3 (June 2015)-
=540  \\$aCurrent copyright fee: GBP34.30$c5\1$5Uk
=550  \\$aJournal of the Royal College of Anaesthetists, Faculty of Pain Medicine and College of Anaesthetists of Ireland.
=650  \0$aAnesthesia$vPeriodicals.
=650  \0$aCritical care medicine$vPeriodicals.
=650  \0$aPain$xTreatment$vPeriodicals.
=710  2\$aRoyal College of Anaesthetists (Great Britain).$bFaculty of Pain Medicine.
=710  2\$aCollege of Anaesthetists of Ireland.
=710  2\$aRoyal College of Anaesthetists (Great Britain)
=776  08$iAlso issued online as:$tBJA education$x2058-5357
=780  00$tContinuing education in anaesthesia, critical care & pain$x1743-1816
=856  \\$31850-9999$uhttp://www.oxfordjournals.org/$xBLDSS
=945  \\$aBJA education.
=979  \\$aBritish Library$bDSC$j2105.741800N
=985  \\$aISSN responsibility transferred from UK to Netherlands (11/05/18)
=ACF  \\$aPrevious Copyright Fee: GBP16.00$c0$e01-oct-2015$fGBP16.00$g0$hC$5Uk
=ACF  \\$aPrevious copyright fee: GBP24.00$c29\0$e09-nov-2016$fGBP24.00$g0$hP$5Uk
=ACF  \\$aPrevious copyright fee: GBP27.00$c29\0$e01-jan-2018$fGBP27.00$g0$hP$5Uk
=ACF  \\$aPrevious copyright fee: GBP26.00$c29\0$e01-jan-2017$fGBP26.00$g0$hP$5Uk
=ACF  \\$aPrevious copyright fee: GBP23.40$c5\1$e21-mar-2018$fGBP23.40$g0$hP$5Uk
=CAT  \\$a10973$b40$c20150309$lBLL01$h1151
=CAT  \\$aBATCH-CLA$b00$c20150828$lBLL01$h1542
=CAT  \\$aIPL-CLA$c20150930$lBLL01$h1855
=CAT  \\$a11315$b40$c20151117$lBLL01$h1111
=CAT  \\$a11205$b40$c20151120$lBLL01$h1552
=CAT  \\$a5552$b40$c20161109$lBLL01$h1056
=CAT  \\$aBLDSS-3PM$b00$c20161115$lBLL01$h1529
=CAT  \\$aBATCH-UPD$b00$c20161115$lBLL01$h1530
=CAT  \\$aBATCH-UPD$b00$c20161122$lBLL01$h1522
=CAT  \\$aIPL-CLA$c20161231$lBLL01$h0022
=CAT  \\$aBATCH-UPD$b00$c20171121$lBLL01$h1705
=CAT  \\$aIPL-CLA$c20171231$lBLL01$h1828
=CAT  \\$a5552$b40$c20180321$lBLL01$h1614
=CAT  \\$aBATCH-UPD$b40$c20180328$lBLL01$h0056
=CAT  \\$a10806$b40$c20180511$lBLL01$h0838
=CAT  \\$a10806$b40$c20180511$lBLL01$h0839
=CAT  \\$a10806$b40$c20180515$lBLL01$h1327
=CAT  \\$aBATCH-UPD$b40$c20190521$lBLL01$h1446
=CAT  \\$aIPL-CLA$c20190630$lBLL01$h1548
=CAT  \\$aBATCH-UPD$b00$c20211119$lBLL01$h1603
=CAT  \\$aIPL-CLA$c20211231$lBLL01$h1735
=CFI  0\$aCurrent copyright fee: GBP34.30$c5\1$e01-jan-2022$fGBP34.30$g0$hP$5Uk
=CFI  2\$aPrevious copyright fee: GBP32.84$c5\1$e01-jul-2019$fGBP32.84$g0$hP$5Uk
=FFP  \\$aY$bBLDSS-3PM
=FIN  \\$aY$d20151120
=FMT  \\$a  SE
=LAS  \\$aIPL-CLA$b00$c20211231$lBLL01$h1735
=LET  \0$aBJA education (Print)
=LKR  \\$aPAR$b005438559$lBLL01$nContinuing education in anaesthesia, critical care & pain$mBJA education$r78000

