=LDR  01258 as a22003617i 4500
=001  017103637
=003  Uk
=005  20160216144841.0
=006  m\\\\\\\\d\|\\\\\\
=007  cr||||||||||||
=008  150309c20079999no\ar\\\o\\\\\0\\\b0mul\\
=022  0\$a2058-7538
=040  \\$aUk$beng$cUk$erda
=222  \0$aAktuel nordisk odontologi$b(Online)
=245  00$aAktuel nordisk odontologi.
=264  \1$aOslo :$bUniversitetsforlaget
=310  \\$aAnnual
=336  \\$atext$2rdacontent
=337  \\$acomputer$2rdamedia
=338  \\$aonline resource$2rdacarrier
=776  08$iAlso issued in print as:$tAktuel nordisk odontologi$x1902-3545
=856  40$uhttps://www.idunn.no/aktuel_nordisk_odontologi
=985  \\$aISSN responsibility transferred (at completion) to ISSN Norway, February 16 2016.
=985  \\$aISSN RDA COMPLETION - TO BE CATALOGUED BY RDA TRAINED CATALOGUERS.
=CAT  \\$a10806$b40$c20150309$lBLL01$h1340
=CAT  \\$a10806$b40$c20150309$lBLL01$h1343
=CAT  \\$a10806$b40$c20150309$lBLL01$h1344
=CAT  \\$a11313$b40$c20160216$lBLL01$h1446
=CAT  \\$a11313$b40$c20160216$lBLL01$h1448
=FIN  \\$aY$d20160216
=FMT  \\$a  SE
=LAS  \\$a11313$b40$c20160216$lBLL01$h1448
=LET  \0$aAktuel nordisk odontologi (Electronic)

