=LDR  01632cas a22004097i 4500
=001  017110535
=003  Uk
=005  20230421075905.0
=006  m\\\\\\\\d\|\\\\\\
=007  cr||||||||||||
=008  150313c20179999enkqr\p\o\\\\\0\\\a0eng\\
=022  0\$a2058-8313
=040  \\$aUk$beng$cUk$erda
=082  04$a388.05$223
=222  \0$aInternational journal of transport development and integration$b(Online)
=245  00$aInternational journal of transport development and integration.
=264  \1$aSouthampton :$bWIT Press
=310  \\$aQuarterly
=336  \\$atext$2rdacontent
=337  \\$acomputer$2rdamedia
=338  \\$aonline resource$2rdacarrier
=588  \\$aDescription based on: Volume 1, issue 1 ; title from journal home page (WIT Press Web site, viewed June 16, 2016).
=776  0\$iAlso issued in print as:$tInternational journal of transport development and integration$x2058-8305
=856  40$uhttp://www.witpress.com/journals/tdi$xOA-J
=985  \\$aISSN UK Centre note: ROAD OA
=985  \\$aISSN responsibility transferred to ISSN Canada (21/04/23). Published by IIETA (Canada) from 2023.
=CAT  \\$a10973$b40$c20150313$lBLL01$h1345
=CAT  \\$a8124$b40$c20160615$lBLL01$h1542
=CAT  \\$a8124$b40$c20160615$lBLL01$h1543
=CAT  \\$a8124$b40$c20160616$lBLL01$h0757
=CAT  \\$a10806$b40$c20230403$lBLL01$h0835
=CAT  \\$a10806$b40$c20230411$lBLL01$h0733
=CAT  \\$a10806$b40$c20230421$lBLL01$h0759
=FIN  \\$aY$d20160615
=FMT  \\$a  SE
=LAS  \\$a10806$b40$c20230421$lBLL01$h0759
=LET  \0$aInternational journal of transport development and integration (Electronic)

