=LDR  00879 as a22003017i 4500
=001  017160186
=003  Uk
=005  20160408083242.0
=007  ta
=008  150417c20159999sp\fr\p\\\\\\\0\\\a0spa\\
=022  0\$a2059-0210
=040  \\$aUk$beng$cUk$erda
=222  \0$aTi22
=245  00$aTi22.
=246  13$aTitanium 22
=264  \1$aMadrid :$bTi22 Magazine
=310  \\$aSemiannual
=336  \\$atext$2rdacontent
=337  \\$aunmediated$2rdamedia
=338  \\$avolume$2rdacarrier
=588  \\$aDescription based on: Numero 1.
=985  \\$aISSN RDA COMPLETION - TO BE CATALOGUED BY RDA TRAINED CATALOGUERS.
=985  \\$aISSN responsibility transferred from ISSN UK to ISSN Spain, 08.04.2016.
=CAT  \\$a11315$b40$c20150417$lBLL01$h0828
=CAT  \\$a11313$b40$c20160408$lBLL01$h0832
=FIN  \\$aY$d20160408
=FMT  \\$a  SE
=LAS  \\$a11313$b40$c20160408$lBLL01$h0832

