=LDR  01160 as a22003017i 4500
=001  017163566
=003  Uk
=005  20170908103058.0
=007  ta
=008  150421c20159999ja\br\p\\\\\\\0\\\a0eng\\
=022  0\$a2189-0781
=040  \\$aUk$beng$cUk$erda
=222  \4$aThe journal of bone & joint surgery$b(Korean ed.)
=245  04$aThe journal of bone & joint surgery.
=264  \1$aTokyo :$bWiley Publishing Japan K.K.
=310  \\$aBimonthly
=336  \\$atext$2rdacontent
=337  \\$aunmediated$2rdamedia
=338  \\$avolume$2rdacarrier
=985  \\$aISSN description based on: Vol. 1, no. 1 (February 2015); surrogate of print version provided by ISSN Japan. April 21 2015.
=985  \\$aISSN responsibility taken by ISSN UK from ISSN Japan, 21.04.2015.
=985  \\$aISSN responsibility transferred to US ISSN Center from ISSN UK Centre, Wiley, Multinational Publisher List, Summer 2017.
=985  \\$aISSN RDA COMPLETION - TO BE CATALOGUED BY RDA TRAINED CATALOGUERS.
=CAT  \\$a11313$b40$c20150421$lBLL01$h0837
=CAT  \\$a11313$b40$c20170908$lBLL01$h1030
=FIN  \\$aY$d20150421
=FMT  \\$a  SE
=LAS  \\$a11313$b40$c20170908$lBLL01$h1030

