=LDR  02606cas a22006617i 4500
=001  017175934
=003  Uk
=005  20211231154721.0
=007  ta
=008  150429c20169999enkqr\p\\\\\\\0\\\a0eng\\
=022  0\$a2059-1098
=040  \\$aUk$beng$cUk$erda
=082  04$a364.05$223
=222  \4$aThe Howard journal of crime and justice$b(Print)
=245  04$aThe Howard journal of crime and justice.
=246  17$aHoward journal
=264  \1$aOxford :$bJohn Wiley & Sons Ltd
=310  \\$aQuarterly
=336  \\$atext$2rdacontent
=337  \\$aunmediated$2rdamedia
=338  \\$avolume$2rdacarrier
=540  \\$aCurrent copyright fee: GBP39.00$c35\0$5Uk
=588  \\$aDescription based on: volume 55, number 4 (December 2016).
=710  2\$aHoward League for Penal Reform,$eissuing body.
=776  08$iAlso issued online as:$tHoward journal of crime and justice$x2059-1101
=780  00$tHoward journal of criminal justice$x0265-5527
=856  \\$31850-9999$uhttp://onlinelibrary.wiley.com/$xBLDSS
=945  \\$aHoward journal of crime and justice.
=979  \\$aBritish Library$bDSC$j4335.244250
=985  \\$aISSN responsibility transferred to U.S. Center prior to completion (30/01/17)
=ACF  \\$aPrevious Copyright Fee: GBP28.00$c0$e01-apr-2019$fGBP28.00$g0$hC$5Uk
=ACF  \\$aPrevious Copyright Fee: GBP24.00$c0$e01-apr-2016$fGBP24.00$g0$hC$5Uk
=CAT  \\$a10973$b40$c20150429$lBLL01$h1431
=CAT  \\$a10973$b40$c20150429$lBLL01$h1433
=CAT  \\$aBATCH-CLA$b00$c20160229$lBLL01$h1613
=CAT  \\$aIPL-CLA$c20160331$lBLL01$h1819
=CAT  \\$a10806$b40$c20160616$lBLL01$h1139
=CAT  \\$a10806$b40$c20170117$lBLL01$h1109
=CAT  \\$a10806$b40$c20170130$lBLL01$h0950
=CAT  \\$a10806$b40$c20170130$lBLL01$h1057
=CAT  \\$a10806$b40$c20170130$lBLL01$h1059
=CAT  \\$a10806$b40$c20170206$lBLL01$h1543
=CAT  \\$aBATCH-CLA$b00$c20190228$lBLL01$h1623
=CAT  \\$aIPL-CLA$c20190331$lBLL01$h1732
=CAT  \\$a5552$b40$c20200115$lBLL01$h0806
=CAT  \\$aBLDSS-3PM$b00$c20200124$lBLL01$h0859
=CAT  \\$aBATCH-UPD$b00$c20200124$lBLL01$h0900
=CAT  \\$aW2111-0842$c20211208$lBLL01$h1943
=CAT  \\$aIPL-CLA$c20211231$lBLL01$h1547
=CFI  0\$aCurrent copyright fee: GBP39.00$c35\0$e01-jan-2022$fGBP39.00$g0$hP$5Uk
=CFI  2\$aPrevious Copyright Fee: GBP32.00$c35\0$e15-jan-2020$fGBP32.00$g0$hP$5Uk
=FFP  \\$aY$bBLDSS-3PM
=FIN  \\$aY$d20170130
=FMT  \\$a  SE
=LAS  \\$aIPL-CLA$b00$c20211231$lBLL01$h1547
=LET  \4$aThe Howard journal of crime and justice (Print)
=TOC  \\$aETOC
=UNO  \\$aY

