=LDR  02514cas a22006497i 4500
=001  017368579
=003  Uk
=005  20211231173511.0
=007  ta
=008  150521c20169999enkuu\p\\\\\\\0\\\a0eng\\
=022  0\$a2059-2302
=040  \\$aUk$beng$cUk$erda
=222  \0$aHLA$b(Print)
=245  00$aHLA.
=246  3\$aHuman leukocyte antigen
=264  \1$aOxford :$bWiley Blackwell,$c[2016]-
=336  \\$atext$2rdacontent
=337  \\$aunmediated$2rdamedia
=338  \\$avolume$2rdacarrier
=362  1\$aBegan with Volume 87, number 1 (January 2016).
=540  \\$aCurrent copyright fee: GBP46.00$c35\0$5Uk
=710  2\$aEuropean Federation for Immunogenetics.
=776  08$iAlso issued online as:$tHLA$x2059-2310
=780  00$tTissue antigens$x0001-2815
=856  \\$31850-9999$uhttp://onlinelibrary.wiley.com/$xBLDSS
=945  \\$aHLA immune response genetics.
=979  \\$aBritish Library$bDSC$j4319.145000N
=985  \\$aISSN responsibility transferred to U.S. Center, 06/05/16.
=985  \\$aDescription based on U.S. ISSN record.
=ACF  \\$aBritish Library not licensed to copy$c0$e01-jan-2016$hC$iCFP Excluded$5Uk
=ACF  \\$aPrevious Copyright Fee: GBP28.00$c0$e01-apr-2019$fGBP28.00$g0$hC$5Uk
=ACF  \\$aPrevious Copyright Fee: GBP24.00$c0$e01-apr-2016$fGBP24.00$g0$hC$5Uk
=CAT  \\$a11313$b40$c20150521$lBLL01$h1003
=CAT  \\$aBATCH-CLA$b00$c20151127$lBLL01$h1630
=CAT  \\$aIPL-CLA$c20151231$lBLL01$h1936
=CAT  \\$aBATCH-CLA$b00$c20160229$lBLL01$h1615
=CAT  \\$aIPL-CLA$c20160331$lBLL01$h1819
=CAT  \\$a10806$b40$c20160504$lBLL01$h1336
=CAT  \\$a10806$b40$c20160506$lBLL01$h0802
=CAT  \\$a10806$b40$c20160523$lBLL01$h0832
=CAT  \\$a10806$b40$c20160523$lBLL01$h0859
=CAT  \\$a10806$b40$c20160523$lBLL01$h0908
=CAT  \\$aBATCH-CLA$b00$c20190228$lBLL01$h1623
=CAT  \\$aIPL-CLA$c20190331$lBLL01$h1732
=CAT  \\$a5552$b40$c20200114$lBLL01$h1137
=CAT  \\$aBLDSS-3PM$b00$c20200124$lBLL01$h0859
=CAT  \\$aBATCH-UPD$b00$c20200124$lBLL01$h0900
=CAT  \\$aW2111-0842$c20211209$lBLL01$h1035
=CAT  \\$aIPL-CLA$c20211231$lBLL01$h1735
=CFI  0\$aCurrent copyright fee: GBP46.00$c35\0$e01-jan-2022$fGBP46.00$g0$hP$5Uk
=CFI  2\$aPrevious Copyright Fee: GBP39.00$c35\0$e14-jan-2020$fGBP39.00$g0$hP$5Uk
=FFP  \\$aY$bBLDSS-3PM
=FIN  \\$aY$d20160523
=FMT  \\$a  SE
=LAS  \\$aIPL-CLA$b00$c20211231$lBLL01$h1735
=LET  \0$aHLA - Human leukocyte antigen (Print)
=UNO  \\$aY

