=LDR  00960 as a22002778i 4500
=001  017705715
=003  Uk
=005  20160113083109.0
=006  m\\\\\\\\d\|\\\\\\
=007  cr\|||||||||||
=008  160113d19882003enkfr\\\o\\\\\0\\\a0eng\\
=022  0\$a1470-1251
=040  \\$aUk$beng$cUk$erda
=222  \0$aStrategies$b(Los Angeles, Calif. Online)
=245  00$aStrategies :$bjournal of theory, culture and politics.
=263  \\$a200001
=264  \1$aAbingdon :$bTaylor & Francis
=310  \\$aTwo issues yearly
=336  \\$atext$2rdacontent
=337  \\$acomputer$2rdamedia
=338  \\$aonline resource$2rdacarrier
=776  08$iAlso issued in print as:$tStrategies (Los Angeles, Calif.)$x1040-2136
=985  \\$aISSN responsibility transferred to US ISSN Centre 13/1/2016. Multinational publisher. No record sent to ISSN Portal by ISSN UK Centre.
=CAT  \\$a11316$b40$c20160113$lBLL01$h0831
=FMT  \\$a  SE
=LAS  \\$a11316$b40$c20160113$lBLL01$h0831

