=LDR  03743cas a2200853 i 4500
=001  017873499
=003  Uk
=005  20230210011319.0
=007  ta
=008  160608c20129999fr\qr\p\\\\\\\0\\\b0eng\\
=022  0\$a2398-5682
=040  \\$aUk$beng$cUk$erda
=042  \\$aukblsr
=082  04$a900$223
=130  0\$aAnnales (Paris, France).$lEnglish.
=222  \0$aAnnales$b(English ed. Print)
=245  10$aAnnales :$bhistoire, sciences sociales.
=250  \\$aEnglish edition.
=264  \1$a[Paris] :$b[Editions de l'Ecole des hautes etudes en sciences sociales],$c[2012]-
=300  \\$billustrations (black and white) ;$c24 cm
=310  \\$aQuarterly
=336  \\$atext$2rdacontent
=337  \\$aunmediated$2rdamedia
=338  \\$avolume$2rdacarrier
=362  1\$aBegan with 67th year, number 1 (January-March 2012).
=540  \\$aCurrent Copyright Fee: GBP22.50$c0$5Uk
=588  \\$aDescription based on: 71st year, number 1 (January-March 2016).
=650  \0$aHistory$vPeriodicals.
=650  \0$aHistoriography$vPeriodicals.
=650  \0$aSocial history$vPeriodicals.
=650  \0$aSocial sciences$vPeriodicals.
=710  2\$aEcole des hautes etudes en sciences sociales,$eeditor.
=710  2\$aCentre national de la recherche scientifique (France)
=710  2\$aFlorence Gould Foundation.
=710  2\$aAmerican University of Paris.
=775  08$iAlso issued in French:$tAnnales (Paris, France)$x0395-2649
=776  08$iAlso issued online as:$tAnnales (Paris, France). English$x2268-3763
=945  \\$aAnnales histoire sciences sociales
=979  \\$aBritish Library$bDSC$j0889.420000N
=985  \\$aISSN UK note: ISSN responsibility transferred from UK to France (20/11/19)
=985  \\$aISSN France: Cambridge University Press is the distributor and subscription agent for the non French-speaking countries. Cambridge University Press is not the publisher (email received in ISSN UK Centre, 12/11/19)
=ACF  \\$aPrevious copyright fee: GBP25.00$c43\0$e25-may-2017$fGBP25.00$g0$hP$5Uk
=ACF  \\$aPrevious Copyright Fee: GBP17.50$c0$e01-apr-2019$fGBP17.50$g0$hA$5Uk
=ACF  \\$aPrevious Copyright Fee: GBP10.00$c0$e01-jul-2019$fGBP10.00$g0$hC$5Uk
=ACF  \\$aPrevious Copyright Fee: GBP22.50$c0$e01-apr-2021$fGBP22.50$g0$hC$5Uk
=CAT  \\$a10806$b40$c20160608$lBLL01$h1100
=CAT  \\$a5552$b40$c20170525$lBLL01$h1126
=CAT  \\$aBLDSS-3PM$b00$c20170601$lBLL01$h1853
=CAT  \\$aBATCH-UPD$b00$c20170601$lBLL01$h1854
=CAT  \\$a8323$b40$c20170614$lBLL01$h1608
=CAT  \\$a8323$b40$c20170615$lBLL01$h0809
=CAT  \\$a11130$b40$c20170914$lBLL01$h1030
=CAT  \\$a8323$b40$c20170922$lBLL01$h0856
=CAT  \\$a11313$b40$c20171023$lBLL01$h1134
=CAT  \\$aW1902-1304$c20190314$lBLL01$h1242
=CAT  \\$aBATCH-UPD$b00$c20190314$lBLL01$h1620
=CAT  \\$aIPL-CLA$c20190331$lBLL01$h1732
=CAT  \\$aDEL-3PM$c20190409$lBLL01$h0908
=CAT  \\$aBATCH-CLA$b00$c20190531$lBLL01$h1623
=CAT  \\$aIPL-CLA$c20190630$lBLL01$h1549
=CAT  \\$a10806$b40$c20191120$lBLL01$h0904
=CAT  \\$a10806$b40$c20191121$lBLL01$h1426
=CAT  \\$aBATCH-CLA$b00$c20210227$lBLL01$h1009
=CAT  \\$aIPL-CLA$c20210331$lBLL01$h1908
=CAT  \\$aBATCH-CLA$b00$c20221130$lBLL01$h1433
=CAT  \\$aIPL-CLA$c20221231$lBLL01$h2338
=CAT  \\$aBATCH-CLA$b00$c20230209$lBLL01$h1520
=CAT  \\$aIPL-CLA$c20230210$lBLL01$h0113
=CFI  0\$aCurrent Copyright Fee: GBP22.50$c0$e09-feb-2023$fGBP22.50$g0$hC$5Uk
=CFI  2\$aBritish Library not licensed to copy$c0$e01-jan-2023$hC$iCFP Excluded$5Uk
=FIN  \\$aY$d20170922
=FMT  \\$a  SE
=LAS  \\$aIPL-CLA$b00$c20230210$lBLL01$h0113
=LET  \0$aAnnales (English edition. Print)

