=LDR  04656cas a2201009 i 4500
=001  018201404
=003  Uk
=005  20220217112458.0
=007  ta
=008  170202c20179999caubr\p\\\\\\\0\\\a0eng\\
=015  \\$aGBB790591$2bnb
=022  0\$a2472-6303
=040  \\$aUk$beng$cUk$erda
=042  \\$aukblsr
=082  04$a616.075$223
=210  0\$aSLAS technol.$b(Print)
=222  \0$aSLAS technology$b(Print)
=245  00$aSLAS technology :$btranslating life sciences innovation.
=246  3\$aSociety for Laboratory Automation and Screening technology
=264  \1$aThousand Oaks, CA :$bSAGE Publications,$c[2017]-
=300  \\$billustrations (black and white, and colour) ;$c28 cm
=310  \\$aBimonthly
=336  \\$atext$2rdacontent
=337  \\$aunmediated$2rdamedia
=338  \\$avolume$2rdacarrier
=362  0\$aVolume 22, number 01 (February 2017)-
=540  \\$aCurrent copyright fee: zero$c5\1$5Uk
=550  \\$a"An official journal of SLAS."
=650  \0$aMedical laboratory technology$vPeriodicals.
=650  \0$aLaboratories$xEquipment and supplies$vPeriodicals.
=650  \0$aDiagnosis, Laboratory$vPeriodicals.
=710  2\$aSociety for Laboratory Automation and Screening,$eissuing body.
=776  08$iAlso issued online as:$tSLAS technology$x2472-6311
=780  00$tJournal of laboratory automation$x2211-0682
=856  \\$31850-9999$uhttp://www.sagepublications.com/$xBLDSS
=945  \\$aSLAS technology.
=979  \\$aBritish Library$bDSC$j8309.332900N
=985  \\$aISSN record transferred from U.S. Center to UK Centre prior to completion (02/02/17)
=985  \\$aISSN UK Centre: ISSN responsibility transferred to ISSN Netherlands 17/2/22 - published by Elsevier from 2022. No scan provided to update publisher information.
=ACF  \\$aPrevious Copyright Fee: GBP28.80$c0$e01-jul-2017$fGBP28.80$g0$hC$5Uk
=ACF  \\$aPrevious Copyright Fee: GBP27.69$c0$e01-jan-2018$fGBP27.69$g0$hC$5Uk
=ACF  \\$aPrevious Copyright Fee: GBP27.36$c0$e01-oct-2017$fGBP27.36$g0$hC$5Uk
=ACF  \\$aPrevious copyright fee: GBP30.77$c103\0$e13-feb-2018$fGBP30.77$g0$hP$5Uk
=ACF  \\$aPrevious copyright fee: GBP28.57$c103\0$e01-apr-2018$fGBP28.57$g0$hP$5Uk
=ACF  \\$aPrevious copyright fee: GBP30.77$c103\0$e01-oct-2018$fGBP30.77$g0$hP$5Uk
=ACF  \\$aPrevious copyright fee: GBP32.31$c103\0$e01-jul-2019$fGBP32.31$g0$hP$5Uk
=ACF  \\$aPrevious copyright fee: GBP33.60$c103\0$e01-oct-2019$fGBP33.60$g0$hP$5Uk
=ACF  \\$aPrevious copyright fee: GBP33.52$c103\0$e01-apr-2020$fGBP33.52$g0$hP$5Uk
=ACF  \\$aPrevious copyright fee: GBP34.86$c103\0$e01-jul-2020$fGBP34.86$g0$hP$5Uk
=ACF  \\$aPrevious copyright fee: GBP32.28$c103\0$e01-apr-2021$fGBP32.28$g0$hP$5Uk
=CAT  \\$a10806$b40$c20170202$lBLL01$h1553
=CAT  \\$aBATCH-CLA$b00$c20171130$lBLL01$h1710
=CAT  \\$aIPL-CLA$c20171231$lBLL01$h1834
=CAT  \\$a5552$b40$c20180213$lBLL01$h1137
=CAT  \\$aBATCH-UPD$b40$c20180214$lBLL01$h0106
=CAT  \\$aBATCH-UPD$b40$c20180223$lBLL01$h1538
=CAT  \\$aBLDSS-3PM$b00$c20180226$lBLL01$h1340
=CAT  \\$aBATCH-UPD$b00$c20180226$lBLL01$h1350
=CAT  \\$aIPL-CLA$c20180331$lBLL01$h1720
=CAT  \\$aBATCH-UPD$b00$c20180823$lBLL01$h1856
=CAT  \\$aIPL-CLA$c20180930$lBLL01$h1521
=CAT  \\$aBATCH-UPD$b00$c20190521$lBLL01$h1344
=CAT  \\$aIPL-CLA$c20190630$lBLL01$h1549
=CAT  \\$aBATCH-UPD$b00$c20190829$lBLL01$h1426
=CAT  \\$aIPL-CLA$c20190930$lBLL01$h1658
=CAT  \\$aBATCH-UPD$b00$c20200219$lBLL01$h1417
=CAT  \\$aIPL-CLA$c20200331$lBLL01$h1637
=CAT  \\$aBATCH-UPD$b00$c20200522$lBLL01$h1409
=CAT  \\$aIPL-CLA$c20200701$lBLL01$h0123
=CAT  \\$aBATCH-UPD$b00$c20210226$lBLL01$h0949
=CAT  \\$aIPL-CLA$c20210331$lBLL01$h1909
=CAT  \\$aBATCH-UPD$b00$c20210707$lBLL01$h1513
=CAT  \\$aIPL-CLA$c20210707$lBLL01$h2008
=CAT  \\$a5552$b40$c20211217$lBLL01$h0810
=CAT  \\$aIPL-CLA$c20211231$lBLL01$h1736
=CAT  \\$aBATCH-UNOD$c20220104$lBLL01$h2253
=CAT  \\$a10973$b40$c20220217$lBLL01$h1119
=CAT  \\$a10973$b40$c20220217$lBLL01$h1124
=CFI  0\$aCurrent copyright fee: zero$c5\1$e01-jan-2022$fGBP0.00$g0$hP$5Uk
=CFI  2\$aPrevious copyright fee: GBP31.13$c103\0$e07-jul-2021$fGBP31.13$g0$hP$5Uk
=FFP  \\$aY$bBLDSS-3PM
=FIN  \\$aY$d20170519
=FMT  \\$a  SE
=LAS  \\$a10973$b40$c20220217$lBLL01$h1124
=LET  \0$aSLAS technology (Print)
=LKR  \\$aPAR$b018198439$lBLL01$r78000$mSLAS technology$nJournal of laboratory automation
=LKR  \\$aPAR$b017976038$lBLL01$nSLAS technology (Online)$mSLAS technology (Print)$r776

