=LDR  01182 as a22003617i 4500
=001  018225065
=003  Uk
=005  20170620140744.0
=007  ta
=008  170214c20179999azuqr\p\\\\\\\0\\\b0por\\
=022  0\$a2399-8377
=040  \\$aUk$beng$cUk$erda
=222  \0$aConcreto Latino-Americano
=245  00$aConcreto Latino-Americano.
=264  \1$aPhoenix, Arizona :$bKHL Group Americas
=310  \\$aQuarterly
=336  \\$atext$2rdacontent
=337  \\$aunmediated$2rdamedia
=338  \\$avolume$2rdacarrier
=362  0\$aAno 1, numero 1 (Marco 2017)-
=985  \\$aPlease see ISSN 2514-2569 for Spanish edition.
=985  \\$aISSN responsibility transferred to U.S. Center, 20/06/17
=CAT  \\$a10973$b40$c20170214$lBLL01$h1159
=CAT  \\$a10806$b40$c20170227$lBLL01$h1325
=CAT  \\$a10806$b40$c20170227$lBLL01$h1327
=CAT  \\$a10806$b40$c20170329$lBLL01$h0930
=CAT  \\$a10806$b40$c20170619$lBLL01$h1149
=CAT  \\$a10806$b40$c20170619$lBLL01$h1151
=CAT  \\$a10806$b40$c20170620$lBLL01$h1407
=FIN  \\$aY$d20170329
=FMT  \\$a  SE
=LAS  \\$a10806$b40$c20170620$lBLL01$h1407
=LET  \0$aConcreto Latino-Americano (Portuguese edition)

