=LDR  01165 as a22003497i 4500
=001  018239287
=003  Uk
=005  20170905143049.0
=007  ta
=008  170227c20179999azuqr\p\\\\\\\0\\\b0spa\\
=022  0\$a2514-2569
=040  \\$aUk$beng$cUk$erda
=245  00$aConcreto Latinoamericano.
=264  \1$aPhoenix :$bKHL Group Americas LLC
=310  \\$aQuarterly
=336  \\$atext$2rdacontent
=337  \\$aunmediated$2rdamedia
=338  \\$avolume$2rdacarrier
=588  \\$aDescription based on: volumen 1, numero 2 (Julio 2017).
=985  \\$aPlease see ISSN 2399-8377 for Portuguese edition.
=985  \\$aISSN responsibility transferred to U.S. Center (Richard, 05/09/17)
=CAT  \\$a10806$b40$c20170227$lBLL01$h1327
=CAT  \\$a10806$b40$c20170329$lBLL01$h0941
=CAT  \\$a10806$b40$c20170406$lBLL01$h0838
=CAT  \\$a10806$b40$c20170831$lBLL01$h1455
=CAT  \\$a10806$b40$c20170831$lBLL01$h1531
=CAT  \\$a10806$b40$c20170905$lBLL01$h1426
=CAT  \\$a10806$b40$c20170905$lBLL01$h1430
=FIN  \\$aY$d20170831
=FMT  \\$a  SE
=LAS  \\$a10806$b40$c20170905$lBLL01$h1430
=LET  \0$aConcreto Latinoamericano (Spanish edition)

