=LDR  01298 as a22003617i 4500
=001  018296737
=003  Uk
=005  20180416092319.0
=006  m\\\\\\\\d\|\\\\\\
=007  cr||||||||||||
=008  170410c20179999ohufr\p\o\\\\\0\\\a0eng\\
=022  0\$a2514-7153
=040  \\$aUk$beng$cUk$erda
=210  0\$aInt. j. first aid educ.
=222  \4$aInternational journal of first aid education
=245  04$aInternational journal of first aid education.
=246  3\$aIJFAE
=264  \1$a[Kent, Ohio] :$bDigital Commons@Kent State University Libraries
=310  \\$aSemiannual
=336  \\$atext$2rdacontent
=337  \\$acomputer$2rdamedia
=338  \\$aonline resource$2rdacarrier
=588  \\$aDescription based on: volume 1, issue 1 (2017); title from editorial PDF (viewed April 16, 2018).
=856  40$uhttps://digitalcommons.kent.edu/ijfae/
=985  \\$aISSN responsibility transferred from UK to U.S. prior to completion (16/04/18)
=CAT  \\$a11313$b40$c20170410$lBLL01$h0755
=CAT  \\$a10806$b40$c20180321$lBLL01$h1341
=CAT  \\$a10806$b40$c20180416$lBLL01$h0921
=CAT  \\$a10806$b40$c20180416$lBLL01$h0923
=FIN  \\$aY$d20180416
=FMT  \\$a  SE
=LAS  \\$a10806$b40$c20180416$lBLL01$h0923
=LET  \0$aInternational journal of first aid education (Electronic)

