=LDR  01364 as a22003737i 4500
=001  018405921
=003  Uk
=005  20191009134539.0
=006  m\\\\\\\\d\|\\\\\\
=007  cr||||||||||||
=008  170704c20179999sz\ar\p\o\\\\\0\\\a0eng\\
=022  0\$a2515-3102
=040  \\$aUk$beng$cUk$erda
=222  \0$aLinguistique de l'ecrit
=245  00$aLinguistique de l'ecrit =$bLinguistics in the written word.
=246  31$aLinguistics in the written word
=246  13$aLinguE
=264  \1$aLondon :$bISTE Ltd
=264  31$a[Lausanne] :$bSdvig Press
=310  \\$aAnnual
=336  \\$atext$2rdacontent
=337  \\$acomputer$2rdamedia
=338  \\$aonline resource$2rdacarrier
=588  \\$aDescription based on: Volume 17-1, numero 1 (2017); viewed via publisher's website, July 4 2017.
=588  \\$aLatest issue consulted: volume 1 (2019) (publisher's website, viewed October 09, 2019).
=856  40$uhttp://www.openscience.fr/Linguistique-de-l-ecrit$zLink no longer valid
=856  40$uhttps://linguistique-ecrit.org/
=985  \\$aISSN UK CENTRE: ISSN responsibility transferred to ISSN Switzerland 9.10.19.
=CAT  \\$a11313$b40$c20170704$lBLL01$h0910
=CAT  \\$a10973$b40$c20191009$lBLL01$h1345
=FIN  \\$aY$d20170704
=FMT  \\$a  SE
=LAS  \\$a10973$b40$c20191009$lBLL01$h1345
=LET  \0$aLinguistique de l'ecrit (Electronic)

