=LDR  01481 as a22003617i 4500
=001  018424807
=003  Uk
=005  20171110110459.0
=006  m\\\\\\\\d\|\\\\\\
=007  cr\|||||||||||
=008  170713c19uu9999enk\x\m\o\\\\\0\\\a0eng\\
=022  0\$a2515-3587
=040  \\$aUk$beng$cUk$dUk$erda
=222  \0$aBlackwell anthologies in social & cultural anthropology$b(Online)
=245  00$aBlackwell anthologies in social & cultural anthropology.
=246  1\$iMinor title change:$aWiley Blackwell anthologies in social and cultural anthropology
=246  3\$aBlackwell anthologies in social and cultural anthropology
=264  \1$aOxford :$bBlackwell Publishing
=264  31$a[Oxford] :$bWiley Blackwell
=310  \\$aIrregular
=336  \\$atext$2rdacontent
=337  \\$acomputer$2rdamedia
=338  \\$aonline resource$2rdacarrier
=588  \\$aDescription based on print version record.
=776  08$iAlso issued in print as:$tBlackwell anthologies in social & cultural anthropology$x2513-907X
=856  4\$uhttp://eu.wiley.com/WileyCDA/Section/id-410783.html
=985  \\$aISSN responsibility transferred to U.S. ISSN Center from ISSN UK Centre, Wiley, Multinational Publisher List, Summer 2017.
=CAT  \\$a10806$b40$c20170713$lBLL01$h1321
=CAT  \\$a11205$b40$c20171110$lBLL01$h1104
=FIN  \\$aY$d20170713
=FMT  \\$a  SE
=LAS  \\$a11205$b40$c20171110$lBLL01$h1104
=LET  \0$aBlackwell anthologies in social & cultural anthropology (Electronic)

