=LDR  03494cas a2200841 a 4500
=001  018444868
=003  Uk
=005  20230511163132.0
=007  ta
=008  131126c20149999mduqr\p\\\\\\\0\\\a0eng\\
=010  \\$a  2013274100
=016  7\$a101635417$2DNLM
=022  \\$a2332-4252$y0148-396X
=035  \\$a(OCoLC)864189639$z(OCoLC)315918594
=040  \\$aDLC$beng$cDLC$dDLC$dNLM$dDLC$dOCLCQ$dNLM$dUk$erda
=042  \\$apcc$ansdp$aukblsr
=050  10$aISSN RECORD
=060  00$aW1$bOP15BN
=082  04$a617.48059005$223
=210  0\$aOper. neurosurg.$b(Print)
=222  \0$aOperative neurosurgery$b(Print)
=245  00$aOperative neurosurgery.
=264  \1$aHagerstown, MD :$bLippincott, Williams & Wilkins,$c2014-
=264  21$aSchaumburg, IL :$bCongress of Neurological Surgeons
=264  21$3<2017->$a[Cary, NC?] :$b[Oxford University Press]
=264  31$3<2021->$aHagerstown, MD :$bWolters Kluwer Health
=310  \\$aQuarterly
=336  \\$atext$2rdacontent
=337  \\$aunmediated$2rdamedia
=338  \\$avolume$2rdacarrier
=362  1\$aBegan with Volume 10, number 1 (March 2014).
=530  \\$aAlso issued online.
=540  \\$aCurrent Copyright Fee: GBP32.00$c20\0$5Uk
=580  \\$aBefore 2014 published as a supplement issue of Neurosurgery.
=588  \\$aDescription based on: Volume 10, number 1 (March 2014); title from cover.
=588  \\$aLatest issue consulted: Volume 22, number 1 (January 2022) (Surrogate).
=650  \0$aNervous system$xSurgery$vPeriodicals.
=710  2\$aCongress of Neurological Surgeons,$eissuing body.
=772  0\$tNeurosurgery (Baltimore, Md.)$x0148-396X
=776  08$iOnline version:$tOperative neurosurgery$x2332-4260
=856  \\$31850-9999$uhttp://journals.lww.com/pages/default.aspx$xBLDSS
=945  \\$aOperative neurosurgery.
=979  \\$aBritish Library$bDSC$j6269.380200
=985  \\$aISSN responsibility transferred from U.S. to UK (Richard, 31/07/17)
=985  \\$aISSN responsibility transferred from UK to U.S. Center in advance of move to Wolters Kluwer Health, Inc. in 2022 (Richard, 21/12/21)
=ACF  \\$aPrevious Copyright Fee: GBP28.00$c0$e01-apr-2019$fGBP28.00$g0$hC$5Uk
=ACF  \\$aPrevious Copyright Fee: GBP24.00$c0$e01-oct-2017$fGBP24.00$g0$hC$5Uk
=CAT  \\$a10806$b40$c20170731$lBLL01$h0912
=CAT  \\$a10806$b40$c20170731$lBLL01$h0916
=CAT  \\$a10806$b40$c20170731$lBLL01$h1105
=CAT  \\$aBATCH-CLA$b00$c20170831$lBLL01$h1632
=CAT  \\$aIPL-CLA$c20170929$lBLL01$h1815
=CAT  \\$aBATCH-CLA$b00$c20190228$lBLL01$h1623
=CAT  \\$aIPL-CLA$c20190331$lBLL01$h1732
=CAT  \\$a10806$b40$c20211221$lBLL01$h1449
=CAT  \\$aBATCH-CLA$b00$c20220304$lBLL01$h1533
=CAT  \\$aIPL-CLA$c20220331$lBLL01$h2323
=CAT  \\$a8055$b40$c20220824$lBLL01$h1308
=CAT  \\$a10806$b40$c20220824$lBLL01$h1429
=CAT  \\$a8055$b40$c20220824$lBLL01$h1446
=CAT  \\$aBLDSS-3PM$b00$c20220830$lBLL01$h1403
=CAT  \\$aBATCH-UPD$b00$c20220830$lBLL01$h1404
=CAT  \\$aBATCH-UNOA$c20220831$lBLL01$h0020
=CAT  \\$aBATCH-FIX$c20230511$lBLL01$h1631
=CFI  0\$aCurrent copyright fee: GBP32.00$c20\0$e24-aug-2022$fGBP32.00$g0$hP$5Uk
=CFI  2\$aPrevious Copyright Fee: GBP18.50$c0$e01-apr-2022$fGBP18.50$g0$hC$5Uk
=FFP  \\$aY$bBLDSS-3PM
=FIN  \\$aY$d20170731
=FMT  \\$a  SE
=LAS  \\$aBATCH-FIX$b00$c20230511$lBLL01$h1631
=LET  \0$aOperative neurosurgery (Print)
=SID  \\$aZ39$bOCLC
=UNO  \\$aY

