=LDR  02889cas a22006497a 4500
=001  018566511
=003  Uk
=005  20230815142006.0
=006  m\\\\\\\\d\|||||||
=007  cr\|||||||||||
=008  171023c20169999enkuu\p\\\\\\\0\\\a0eng\\
=022  \\$a2468-3574
=040  \\$aUk$beng$cUk
=222  \0$aInternational journal of surgery protocols
=245  00$aInternational journal of surgery protocols.
=264  \1$a[Oxford] :$bElsevier Ltd.$c2016-
=264  31$32021-$aLondon :$bIJS Press
=336  \\$atext$2rdacontent
=337  \\$acomputer$2rdamedia
=338  \\$aonline resource$2rdacarrier
=540  \\$aCurrent copyright fee: zero$c0$5Uk
=588  \\$aLatest issue consulted: volume 25, issue 1 (2021) (viewed April 20, 2021).
=856  40$uhttps://www.ijsprotocols.com/
=945  \\$aInternational journal of surgery protocols.
=979  \\$aBritish Library$bDSC$j4542.685075N
=985  \\$a3rd party access title for Remote supply please retain as base record when merging/deleting
=985  \\$aISSN responsibility transferred from Netherlands to UK (22/02/21).
=985  \\$aISSN responsibility transferred from UK to U.S. (email conversation with U.S. Center contains reference to the statement, "Published by Wolters Kluwer Health, Inc. on behalf of IJS Publishing Group Ltd."). No amendment made to this catalogue record (Richard, 31/05/23)
=ACF  \\$aPrevious copyright fee: GBP32.84$c5\1$e01-jul-2019$fGBP32.84$g0$hP$5Uk
=ACF  \\$aPrevious copyright fee: GBP22.50$c5\1$e23-oct-2017$fGBP22.50$g0$hP$5Uk
=ACF  \\$aPrevious copyright fee: GBP23.40$c5\1$e01-jan-2018$fGBP23.40$g0$hP$5Uk
=CAT  \\$a5552$b40$c20171023$lBLL01$h1228
=CAT  \\$aBLDSS-3PM$b00$c20171103$lBLL01$h1128
=CAT  \\$aBATCH-UPD$b00$c20171103$lBLL01$h1128
=CAT  \\$aBATCH-UPD$b00$c20171121$lBLL01$h1756
=CAT  \\$aIPL-CLA$c20171231$lBLL01$h1835
=CAT  \\$aBATCH-UPD$b00$c20190521$lBLL01$h1447
=CAT  \\$aIPL-CLA$c20190630$lBLL01$h1549
=CAT  \\$a10806$b40$c20210222$lBLL01$h0846
=CAT  \\$a10806$b40$c20210222$lBLL01$h1043
=CAT  \\$a10806$b40$c20210420$lBLL01$h1451
=CAT  \\$aBATCH-UPD$b40$c20211119$lBLL01$h1603
=CAT  \\$aIPL-CLA$c20211231$lBLL01$h1547
=CAT  \\$a12654$b40$c20230208$lBLL01$h1110
=CAT  \\$a12654$b40$c20230208$lBLL01$h1114
=CAT  \\$a12654$b40$c20230208$lBLL01$h1115
=CAT  \\$aDEL-3PM$c20230213$lBLL01$h1045
=CAT  \\$aBATCH-FIX$c20230511$lBLL01$h1631
=CAT  \\$a10806$b40$c20230531$lBLL01$h0908
=CAT  \\$aS2306_0332$c20230613$lBLL01$h0906
=CAT  \\$a8055$b40$c20230815$lBLL01$h1420
=CFI  0\$aCurrent copyright fee: zero$c0$e08-feb-2023$fGBP0.00$g0$hZ$5Uk
=CFI  2\$aPrevious copyright fee: GBP34.30$c0$e01-jan-2022$fGBP34.30$g0$hP$5Uk
=FIN  \\$aY$d20210420
=FMT  \\$a  SE
=LAS  \\$a8055$b40$c20230815$lBLL01$h1420
=TOC  \\$aETOC

