=LDR  00855 as a22002658i 4500
=001  018677389
=003  Uk
=005  20180126092210.0
=007  ta
=008  180112c20209999enkuu\m\\\\\\\0\\\a0eng\\
=022  0\$a2297-9123$202
=040  \\$aUk$beng$cUk$erda
=222  \0$aLatin American literary and cultural studies
=245  00$aLatin American literary and cultural studies.
=263  \\$a202012
=264  \1$aOxford ;$aBern :$bP. Lang
=336  \\$atext$2rdacontent
=337  \\$aunmediated$2rdamedia
=338  \\$avolume$2rdacarrier
=985  \\$aISSN responsibility transferred from ISSN Switzerland to ISSN UK prior to completion (NO FILE) (19/01/18)
=CAT  \\$a10806$b40$c20180112$lBLL01$h1123
=CAT  \\$a10806$b40$c20180119$lBLL01$h0935
=CAT  \\$a10806$b40$c20180126$lBLL01$h0922
=FMT  \\$a  SE
=LAS  \\$a10806$b40$c20180126$lBLL01$h0922

