=LDR  00955 as a22002658i 4500
=001  018677435
=003  Uk
=005  20180119094317.0
=007  ta
=008  180112c20179999enkuu\m\\\\\\\0\\\a0eng\\
=022  0\$a2504-1924$202
=040  \\$aUk$beng$cUk$erda
=222  \0$aRomantic studies - Theories and practices$b(Print)
=245  00$aRomantic studies - Theories and practices.
=264  \1$a[Oxford] ;$aBern :$bP. Lang
=336  \\$atext$2rdacontent
=337  \\$aunmediated$2rdamedia
=338  \\$avolume$2rdacarrier
=776  08$iAlso issued online as:$tRomantic studies - Theories and practices$x2504-1932
=985  \\$aISSN responsibility transferred from ISSN Switzerland to ISSN UK prior to completion (NO FILE) (19/01/18)
=CAT  \\$a10806$b40$c20180112$lBLL01$h1204
=CAT  \\$a10806$b40$c20180119$lBLL01$h0943
=FMT  \\$a  SE
=LAS  \\$a10806$b40$c20180119$lBLL01$h0943
=LET  \0$aRomantic studies - Theories and practices (Print)

