=LDR  01013 as a22002778i 4500
=001  018677444
=003  Uk
=005  20180119094419.0
=006  m\\\\\\\\d\|\\\\\\
=007  cr||||||||||||
=008  180112c20179999enkuu\m\o\\\\\0\\\a0eng\\
=022  0\$a2504-1932$202
=040  \\$aUk$beng$cUk$erda
=222  \0$aRomantic studies - Theories and practices$b(Online)
=245  00$aRomantic studies - Theories and practices.
=264  \1$a[Oxford] ;$aBern :$bP. Lang
=336  \\$atext$2rdacontent
=337  \\$acomputer$2rdamedia
=338  \\$aonline resource$2rdacarrier
=776  08$iAlso issued in print as:$tRomantic studies - Theories and practices$x2504-1924
=985  \\$aISSN responsibility transferred from ISSN Switzerland to ISSN UK prior to completion (NO FILE) (19/01/18)
=CAT  \\$a10806$b40$c20180112$lBLL01$h1210
=CAT  \\$a10806$b40$c20180119$lBLL01$h0944
=FMT  \\$a  SE
=LAS  \\$a10806$b40$c20180119$lBLL01$h0944
=LET  \0$aRomantic studies - Theories and practices (Electronic)

