=LDR  00823 as a22002658i 4500
=001  018677477
=003  Uk
=005  20180126092601.0
=007  ta
=008  180112c20209999enkuu\m\\\\\\\0\\\a0eng\\
=022  0\$a2571-6913$202
=040  \\$aUk$beng$cUk$erda
=222  \0$aSystems thinking for safety
=245  00$aSystems thinking for safety.
=263  \\$a202011
=264  \1$a[Oxford] ;$aBern :$bP. Lang
=336  \\$atext$2rdacontent
=337  \\$aunmediated$2rdamedia
=338  \\$avolume$2rdacarrier
=985  \\$aISSN responsibility transferred from ISSN Switzerland to ISSN UK prior to completion (NO FILE) (19/01/18)
=CAT  \\$a10806$b40$c20180112$lBLL01$h1311
=CAT  \\$a10806$b40$c20180119$lBLL01$h0944
=CAT  \\$a10806$b40$c20180126$lBLL01$h0926
=FMT  \\$a  SE
=LAS  \\$a10806$b40$c20180126$lBLL01$h0926

