=LDR  01409 as a22003617i 4500
=001  019079732
=003  Uk
=005  20190425084357.0
=006  m\\\\\\\\d\|\\\\\\
=007  cr||||||||||||
=008  181009c20199999gw\qr\p\o\\\\\0\\\a0eng\\
=022  0\$a2631-6439
=040  \\$aUk$beng$cUk$erda
=222  \0$aInternational journal of oral implantology$b(Online)
=245  00$aInternational journal of oral implantology.
=264  \1$aBerlin :$bQuintessenz Verlags-GmbH
=310  \\$aQuarterly
=336  \\$atext$2rdacontent
=337  \\$acomputer$2rdamedia
=338  \\$aonline resource$2rdacarrier
=776  08$iAlso issued in print as:$tInternational journal of oral implantology$x2631-6420
=780  00$tEuropean journal of oral implantology$x1756-2414
=856  40$uhttps://ejoi.quintessenz.de/
=985  \\$aISSN responsibility transferred to ISSN Germany, 25.04.2019.
=985  \\$aISSN RDA COMPLETION - TO BE CATALOGUED BY RDA TRAINED CATALOGUERS.
=CAT  \\$a11313$b40$c20181009$lBLL01$h1516
=CAT  \\$a11313$b40$c20190412$lBLL01$h1510
=CAT  \\$a11313$b40$c20190425$lBLL01$h0843
=FIN  \\$aY$d20190412
=FMT  \\$a  SE
=LAS  \\$a11313$b40$c20190425$lBLL01$h0843
=LET  \0$aInternational journal of oral implantology (Electronic)
=LKR  \\$aPAR$b014232992$lBLL01$r78000$mInternational journal of oral implantology (Online)$nEuropean journal of oral implantology (Online)

