=LDR  01276 as a22003497i 4500
=001  019440258
=003  Uk
=005  20190703074610.0
=006  m\\\\\\\\d\|\\\\\\
=007  cr||||||||||||
=008  190619c20199999enkfr\p\o\\\\\0\\\a0eng\\
=022  0\$a2632-8046
=040  \\$aUk$beng$cUk$erda
=222  \0$aCommunity skin health$b(Online)
=245  00$aCommunity skin health
=264  \1$aLondon :$bInternational League of Dermatological Societies (ILDS),$c2019-
=336  \\$atext$2rdacontent
=337  \\$acomputer$2rdamedia
=338  \\$aonline resource$2rdacarrier
=588  \\$aDescription based on: volume 15(1) (2019); title from PDF caption (publisher's Web site, viewed June 19, 2019).
=776  08$iAlso issued in print as:$tCommunity skin health$x2632-8038
=780  00$tCommunity dermatology$x2040-5731
=856  40$uhttps://ilds.org/resource-centre/tags/cdj/
=985  \\$aISSN responsibility transferred from UK to IC, 03/07/19
=CAT  \\$a5997$b40$c20190619$lBLL01$h0824
=CAT  \\$a5997$b40$c20190702$lBLL01$h0738
=CAT  \\$a10806$b40$c20190703$lBLL01$h0745
=CAT  \\$a10806$b40$c20190703$lBLL01$h0746
=FIN  \\$aY$d20190619
=FMT  \\$a  SE
=LAS  \\$a10806$b40$c20190703$lBLL01$h0746
=LET  \0$aCommunity skin health (Electronic)

