=LDR  01658cas a22004217i 4500
=001  020754223
=003  Uk
=005  20231017145323.0
=006  m\\\\\\\\d\|\\\\\\
=007  cr\|||||||||||
=008  220922c20179999fr\fr\j\o\\\\\0\\\a0eng\\
=022  \\$a2297-1874
=040  \\$aUk$beng$cUk$erda
=210  0\$aTheory crit. lit. arts$b(Online)
=222  \0$aTheory and criticism of literature and arts$b(Online)
=245  00$aTheory and criticism of literature and arts.
=246  30$aTCLA
=264  \1$a[Zurich] :$bTCLA, Academic Journal,$c2017-
=264  21$aLondon :$bTCLA Academic Studies Ltd
=264  21$32020-$aLondon :$bRECEPTIO Academic Press Ltd
=264  31$32023-$aParis :$bBibliotheque de l'OProM
=336  \\$atext$2rdacontent
=337  \\$acomputer$2rdamedia
=338  \\$aonline resource$2rdacarrier
=362  0\$aVol. 1, no. 1 (February 2017)-
=588  \\$aLatest issue consulted: volume 7, numero 2 (2023) (TCLA website, viewed October 17, 2023).
=776  08$iAlso issued in print as:$tTheory and criticism of literature and arts$x2504-2238
=856  40$uhttps://www.tcla-journal.eu/home
=856  40$uhttps://www.receptioacademic.press/home
=985  \\$aISSN responsibility transferred from ISSN Switzerland to ISSN UK (22/09/22)
=985  \\$aISSN responsibility transferred from ISSN UK to ISSN France (17/10/23)
=CAT  \\$a10806$b40$c20220922$lBLL01$h0856
=CAT  \\$a10806$b40$c20231017$lBLL01$h1208
=CAT  \\$a10806$b40$c20231017$lBLL01$h1453
=FIN  \\$aY$d20220922
=FMT  \\$a  SE
=LAS  \\$a10806$b40$c20231017$lBLL01$h1453
=LET  \0$aTheory and criticism of literature and arts (Electronic)

