=LDR  01546cas a22003977i 4500
=001  020754230
=003  Uk
=005  20231017145209.0
=007  ta
=008  220922c20179999enkfr\j\\\\\\\0\\\a0eng\\
=022  \\$a2504-2238
=040  \\$aUk$beng$cUk$erda
=041  0\$aeng$aita
=210  0\$aTheory crit. lit. arts$b(Print)
=222  \0$aTheory and criticism of literature and arts$b(Print)
=245  00$aTheory and criticism of literature and arts.
=246  30$aTCLA
=264  \1$aZurich :$bTheory and criticism of literature and arts, Swiss academic journal, Universitat Zurich, Romanisches Seminar$c[2017]-
=264  31$3November 2017-$aLondon :$bTCLA Academic Studies Ltd
=310  \\$aSemiannual
=336  \\$atext$2rdacontent
=337  \\$aunmediated$2rdamedia
=338  \\$avolume$2rdacarrier
=362  0\$aVol. 1, no 1 (February 2017)-
=588  \\$aLatest issue consulted: vol. 2, no. 1 (November 2017).
=776  08$iAlso issued online as:$tTheory and criticism of literature and arts$x2297-1874
=985  \\$aISSN responsibility transferred from ISSN Switzerland to ISSN UK (22/09/22)
=985  \\$aISSN responsibility transferred from ISSN UK to ISSN France (17/10/23)
=CAT  \\$a10806$b40$c20220922$lBLL01$h0912
=CAT  \\$a10806$b40$c20220922$lBLL01$h0926
=CAT  \\$a10806$b40$c20231017$lBLL01$h1209
=CAT  \\$a10806$b40$c20231017$lBLL01$h1452
=FIN  \\$aY$d20220922
=FMT  \\$a  SE
=LAS  \\$a10806$b40$c20231017$lBLL01$h1452
=LET  \0$aTheory and criticism of literature and arts (Print)

