=LDR  01439cas a22003377i 4500
=001  020971392
=003  Uk
=005  20230606094031.0
=007  ta
=008  230228c20099999pk\fr\j\\\\\\\0\\\a0eng\\
=022  \\$a2076-0930
=040  \\$aUk$beng$cUk$erda
=210  0\$aInt. j. commun. netw. inf. secur.$b(Print)
=222  \0$aInternational journal of communication networks and information security$b(Print)
=245  00$aInternational journal of communication networks and information security.
=246  3\$aIJCNIS
=264  \1$aKohat :$bKohat University of Science and Technology
=310  \\$aSemiannual
=336  \\$atext$2rdacontent
=337  \\$aunmediated$2rdamedia
=338  \\$avolume$2rdacarrier
=710  2\$aKohat University of Science & Technology,$eissuing body.
=776  08$iAlso issued online as:$tInternational journal of communication networks and information security$x2073-607X
=985  \\$aISSN responsibility transferred from IC (Pakistan) to UK, 28/02/23 (now UK Zhende Publishing Limited - print copy due to be sent March/April 2023) (Richard, 28/02/23)
=985  \\$aISSN update - print copy requested again, 06/06/23 (Richard)
=CAT  \\$a10806$b40$c20230228$lBLL01$h0944
=CAT  \\$a10806$b40$c20230606$lBLL01$h0940
=FIN  \\$aY$d20230228
=FMT  \\$a  SE
=LAS  \\$a10806$b40$c20230606$lBLL01$h0940
=LET  \0$aInternational journal of communication networks and information security (Print)

