=LDR  01090nas a22003018i 4500
=001  021030892
=003  Uk
=005  20230425113905.0
=006  m\\\\\\\\d\|\\\\\\
=007  cr||||||||||||
=008  230425c20239999enkuu\j\o\\\\\0\\\a0eng\\
=022  \\$a2948-2143$202
=040  \\$aUk$beng$cUk$erda
=222  \0$aAI perspectives & advances
=245  00$aAI perspectives & advances.
=246  3\$aArtificial intelligence perspectives & advances
=263  \\$a202306
=264  \1$aLondon :$bBioMed Central
=336  \\$atext$2rdacontent
=337  \\$acomputer$2rdamedia
=338  \\$aonline resource$2rdacarrier
=985  \\$aC/T from ISSN 2523-398X AI perspectives, please contact ISSN Switzerland to arrange links between the two records (BL also has local record).
=985  \\$aISSN responsibility transferred from ISSN Switzerland whilst still provisional (Richard, 25/04/23)
=CAT  \\$a10806$b40$c20230425$lBLL01$h1119
=CAT  \\$a10806$b40$c20230425$lBLL01$h1139
=FMT  \\$a  SE
=LAS  \\$a10806$b40$c20230425$lBLL01$h1139
=LET  \0$aAI perspectives & advances (Electronic)

